3009 3830
293 337 441 382 eadem
469 336 642 379 nomina
657 364 660 370 Δ
673 334 906 390 composita
935 336 1059 389 sunt,
1088 331 1392 389 produxerunt.
1452 334 1657 393 Suspicor
1694 333 1936 392 Euripidem
1966 331 2194 389 Δίνδυμα,
2237 337 2351 392 quod
2388 334 2705 381 nobilissimum

289 412 462 468 Phrygii
489 410 646 453 montis
676 418 830 450 nomen
860 406 917 451 ad
947 409 1288 462 conjunctionem
1315 408 1519 454 historiae
1551 417 1594 455 et
1623 422 1841 455 sacrorum
1872 408 2056 466 Cybelae
2087 415 2130 454 et
2153 409 2313 455 Bacchi
2332 414 2540 468 pertinet,
2570 414 2702 456 inter-

295 485 457 543 pretem
485 494 713 527 memorem
741 481 927 525 fortasse
956 493 998 526 v.
1029 483 1089 526 23
1119 493 1184 537 sq.
1219 478 1393 538 Φρύγια
1421 486 1664 540 scripsisse.
1725 484 1775 529 ld
1802 486 1849 529 in
1891 489 2132 529 contextum
2171 483 2394 531 verborum
2435 497 2486 530 eo
2525 484 2699 531 facilius

298 574 335 607 a
355 560 543 606 librariis
572 562 788 616 receptum
833 561 924 615 est,
964 558 1063 614 quia
1104 555 1319 615 Phrygtae
1354 562 1493 605 terrae
1523 571 1676 606 nomen
1706 570 1802 605 cum
1831 555 1986 604 Λύδια
2022 557 2232 606 vocabulo
2268 563 2428 607 rectius
2472 562 2701 607 concinere

283 635 529 681 videbatur.

570 756 619 801 V.
649 756 797 801 Helen.
830 758 959 801 1590.
1021 753 1169 798 Πάλιν
1195 749 1398 810 πλέωμεν
1426 754 1620 808 Ναξίαν·
1651 753 1800 800 κέλευε
1829 755 1911 811 σύ,

293 834 479 879 clamant
507 831 702 889 Aegyptii
731 836 887 876 nautae
901 863 914 887 ,
944 829 1019 874 ubi
1047 833 1365 886 persentiscunt
1395 831 1581 876 fraudem
1611 832 1796 877 Menelai
1809 866 1821 888 ‚
1879 836 1951 888 qui
1980 836 2027 877 in
2056 835 2159 877 navi
2197 843 2225 876 a
2261 830 2568 888 'theoclymeno
2612 831 2700 876 sibi

294 969 505 1026 permissa
520 964 723 1012 Helenam
737 977 790 1011 ex
800 961 997 1023 Aegypto’·
1015 962 1275 1010 abducturus
1305 969 1384 1010 est.
1414 964 1510 1011 Par.
1540 965 1575 1012 A
1601 971 1644 1011 et
1673 965 1708 1012 B
1739 921 1879 1020 eggan
1939 966 2170 1025 Splendide
2209 971 2257 1010 ut
2286 964 2508 1010 assolebat
2537 968 2704 1010 immor-

289 1041 392 1088 talis
421 1040 595 1100 praesul
625 1045 668 1086 et
698 1039 855 1086 arbiter
884 1042 997 1106 arti-⁶13
1020 1040 1204 1094 conjecit
1230 1036 1364 1082 πάλιν
1391 1035 1613 1095 πλέωμιν,
1643 1035 1785 1094 3510?-
1816 1036 1990 1097 γκέλευε
2019 1039 2087 1085 σύ.
2126 1040 2413 1099 Praefiscine,
2445 1047 2492 1086 ut
2521 1041 2701 1086 Plautus

293 1119 382 1174 ait,
412 1115 494 1160 hoc
524 1126 639 1161 nunc
671 1116 866 1160 dixerim:
897 1125 984 1159 non
1015 1117 1124 1159 satis
1153 1113 1256 1159 mihi
1283 1115 1505 1173 probatur,
1544 1128 1631 1160 non
1661 1119 1869 1160 nominari
1899 1129 2023 1172 quem
2059 1123 2216 1162 nautae
2247 1116 2479 1173 appellant.
2553 1114 2702 1160 Malim

295 1190 513 1236 scribere:
543 1185 767 1245 πλέωμεν,
797 1182 835 1230 ὦ
851 1183 946 1241 ξέν’·
977 1184 1057 1244 ἄγε
1087 1183 1235 1232 κέλευε
1264 1187 1339 1240 σύ,
1370 1202 1496 1246 quum
1524 1194 1569 1235 in
1590 1191 1711 1235 codd.
1741 1194 1949 1247 scriptura
1977 1192 2169 1249 glossam
2199 1190 2310 1244 ἄναξ
2340 1195 2369 1236 i.
2404 1203 2442 1236 e.
2473 1190 2699 1236 Menelae!

291 1265 425 1310 latere
455 1267 624 1309 minime
647 1263 844 1308 dubitem.
906 1263 993 1307 lam
1013 1268 1142 1309 antea
1170 1276 1211 1308 v.
1245 1267 1374 1310 1579.
1405 1264 1663 1321 gubernat-or
1683 1268 1809 1309 navis
1840 1277 1934 1309 eum
1962 1266 2283 1323 appellaverunt
2310 1260 2349 1309 ὦ
2381 1262 2497 1320 ξένε,
2527 1262 2701 1309 ἄνακτα

288 1350 390 1383 vero
421 1350 507 1383 non
537 1331 783 1395 potuerunt,
813 1339 966 1394 quippe
1000 1339 1072 1393 qui
1101 1340 1198 1393 quis
1229 1343 1367 1395 esset,
1398 1340 1511 1396 apud
1541 1339 1894 1397 Theoclymenum
1924 1341 2252 1386 dissimulasset.

571 1461 638 1507 Vl.
668 1460 802 1506 Elect.
836 1463 907 1505 22.
948 1458 1114 1512 Δείσας
1145 1459 1220 1512 δὲ,
1250 1459 1312 1521 μή
1343 1477 1406 1520 τῳ
1434 1461 1603 1515 παῖδας
1631 1462 1833 1521 Αργείων
1860 1460 1980 1507 τέκοι

984 1531 1300 1589 Αγαμέμνονος
1328 1536 1622 1595 ποινάτορας,
1654 1533 1768 1590 εἶχεν
1798 1535 1844 1579 ἓν
1875 1537 2033 1593 δόμοις

972 1608 1194 1664 Αἴγισθος
1223 1605 1320 1652 οὔδ’
1349 1605 1515 1668 ἥρμοζε
1544 1611 1720 1670 νυμφίῳ
1748 1611 1846 1654 τινί.

405 1685 545 1731 Medio
575 1695 705 1729 versu
733 1683 964 1729 Piersonus
996 1686 1177 1740 conjecit
1204 1683 1437 1744 ποινήματ’
1451 1717 1464 1736 ,
1494 1687 1637 1745 Fixius
1666 1685 1929 1741 ποινάματ’,·
1959 1689 2071 1744 quod
2100 1691 2141 1732 si
2168 1686 2392 1744 Euripides
2434 1687 2697 1742 scripsisset,

287 1765 437 1808 nescio
468 1774 524 1806 an
554 1772 641 1805 non
671 1763 904 1817 interpres,
935 1763 1008 1816 qui
1035 1759 1306 1818 ποινάτορας
1335 1766 1552 1819 apposuit,
1583 1766 1726 1819 potius
1755 1759 1969 1820 τιμωρὲς,
2007 1768 2054 1805 ut
2082 1761 2321 1818 Hesychius
2359 1760 2467 1804 illud
2494 1764 2700 1817 interpre-

287 1842 404 1881 tatus
436 1841 515 1892 cst,
548 1841 674 1891 quam
702 1832 997 1892 ποινάτορας,
1030 1837 1142 1889 quod
1170 1848 1210 1878 v.
1242 1838 1344 1879 268.
1375 1839 1526 1879 iterum
1555 1836 1731 1892 legitur,
1763 1837 2051 1892 explicuisset.

408 1910 481 1955 Sic
511 1909 741 1954 verisimile
771 1909 873 1953 mihi
901 1911 1088 1965 videtur,
1121 1912 1322 1966 scriptum
1353 1923 1379 1954 a
1408 1917 1533 1967 poeta
1562 1912 1700 1956 fuisse
1720 1909 1991 1969 ποινάτορας
2018 1911 2076 1954 τῦ
2097 1906 2269 1967 πατρὸς
2290 1902 2402 1962 εἶχεν
2437 1903 2486 1952 ἐν
2523 1905 2696 1962 δόμοις.

290 1984 522 2029 Articulum
553 1984 763 2038 adjectum
792 1988 916 2039 puta,
945 1989 994 2027 ut
1023 1996 1110 2027 non
1139 1983 1332 2028 Electrae
1364 1984 1590 2029 liberorum
1627 1992 1773 2042 pater,
1818 1988 1898 2030 sed
1936 1987 2192 2042 Agamemno
2230 1984 2516 2040 intelligatur,
2566 1984 2693 2037 cujus

284 2071 416 2116 supra
444 2057 670 2114 aliquoties
699 2060 855 2102 mentio
889 2062 956 2102 est
985 2057 1112 2102 facta.
1173 2057 1261 2103 Hoc
1291 2060 1445 2124 ipsum,
1476 2072 1530 2105 ne
1559 2067 1704 2117 patres
1736 2062 2115 2116 confunderentur,
2147 2059 2331 2104 fortasse
2362 2061 2407 2102 in
2439 2068 2573 2102 causa
2597 2056 2692 2113 fuit,

296 2148 371 2180 cur
401 2138 609 2191 interpres
641 2132 904 2177 adscriberet
932 2129 1277 2187 Ᾰγαμέμνονος.
1337 2133 1538 2188 Majorem
1581 2141 1723 2179 autem
1751 2140 1837 2179 vim
1869 2148 1968 2179 esse
1999 2139 2044 2178 in
2073 2135 2130 2177 τῦ
2157 2130 2328 2189 πατρὸς
2368 2144 2493 2187 quam
2531 2135 2577 2175 in
2617 2141 2697 2174 no-

283 2213 406 2255 „mine
435 2210 765 2265 Agamemnone,
796 2207 980 2264 intelligi
1009 2208 1136 2252 facile
1166 2214 1308 2264 potest
1338 2222 1390 2252 ex
1418 2209 1567 2253 Aesch.
1600 2210 1747 2266 Agam.
1783 2214 1913 2255 1253.
1966 2205 2061 2268 ἥξει
2089 2207 2172 2266 γὰρ
2215 2203 2336 2266 ἡμῶν
2375 2203 2509 2258 ἄλλος
2539 2199 2598 2250 αὖ
2624 2220 2695 2249 τι-

281 2284 454 2343 μάορος
481 2280 783 2343 μητροκτόνον
813 2281 1005 2341 φίτυμα,
1035 2281 1259 2341 ποινάτωρ
1289 2281 1469 2342 πατρὸς,
1501 2290 1543 2329 et
1570 2289 1827 2341 tragicorum
1857 2285 2006 2330 lectori
2035 2298 2121 2329 non
2160 2296 2267 2341 opus
2297 2288 2365 2328 est
2393 2281 2588 2340 pluribus
2621 2282 2697 2326 de·

285 2364 524 2406 monstrari.

569 2485 656 2530 vn.
686 2483 825 2530 Elect.
859 2485 958 2529 162.
1021 2477 1085 2525 Οὗ
1114 2479 1311 2540 μίτραισι
1337 2479 1440 2540 γυνή
1470 2494 1521 2526 σε

980 2554 1128 2613 δέξατ’
1159 2554 1258 2604 οὔδ’
1289 2555 1362 2603 ἐπὶ
1390 2559 1647 2620 στεφάνοις·

973 2633 1122 2692 ξίφεσι
1151 2632 1190 2678 δ’
1222 2629 1490 2692 ἆμφιτόμοις
1518 2628 1680 2689 λυγρὰν

971 2706 1171 2764 Αῖγίσθε
1200 2705 1349 2762 λωβὰν
1376 2700 1545 2761 θεμένα

973 2782 1127 2828 δόλιον
1156 2779 1283 2838 ἔσχεν
1312 2777 1505 2828 ἇκοίταν.

403 2862 646 2906 Postremos
685 2874 838 2905 versus
877 2863 1142 2916 interpretari
1179 2859 1342 2916 solent,
1388 2857 1763 2915 Clytaemnestram
1794 2855 1935 2900 occiso
1969 2853 2149 2910 conjuge
2193 2849 2491 2897 contumeliam
2531 2850 2695 2897 fecisse

285 2933 509 2991 Aegistho,
541 2947 665 2990 quem
694 2933 880 2978 habebat
922 2931 1169 2977 adulterum.
1239 2932 1355 2978 Haec
1396 2932 1611 2977 sententia
1639 2941 1727 2974 non
1757 2928 2012 2984 offenderet,
2044 2929 2085 2971 si
2113 2926 2343 2984 Aegisthus
2370 2938 2501 2984 puras
2520 2936 2697 2972 servas-

286 3015 355 3053 set
382 3021 556 3067 manus3
588 3010 668 3053 sed
694 3014 821 3065 poeta
851 3011 1023 3064 saepius
1053 3012 1269 3063 memorat,
1330 3006 1685 3063 Agamemnonem
1715 3016 1743 3049 a
1773 3003 2109 3060 Clytaemnestra
2151 3008 2194 3046 et
2223 3001 2428 3059 Aegistho
2475 3013 2576 3047 esse
2606 3008 2699 3046 tru-

213 3126 223 3136 ,
287 3084 498 3139 efflatum,
531 3083 586 3127 cf.
608 3097 658 3127 cv.
691 3086 732 3127 9.
766 3095 831 3137 sq.
863 3084 963 3126 319.
998 3084 1098 3126 763.
1133 3088 1176 3126 et
1204 3085 1250 3126 in
1280 3081 1429 3125 eadem
1457 3079 1606 3125 fabula
1634 3082 1707 3124 vix
1735 3081 1870 3136 potuit
1900 3090 1928 3122 a
1956 3075 2134 3133 vulgata
2151 3076 2267 3121 fama
2295 3077 2376 3131 (cf.
2400 3077 2519 3122 Hom.
2538 3074 2698 3134 odyss.

294 3159 376 3215 21,
407 3159 497 3203 409
528 3170 594 3215 sq.
626 3156 682 3203 al.
714 3156 866 3203 Aesch.
895 3156 1040 3214 Agam.
1074 3157 1203 3202 1586.
1235 3154 1363 3213 Soph.
1394 3153 1528 3201 Elect.
1560 3156 1657 3210 97.)
1689 3166 1815 3213 quam
1844 3151 1982 3199 semel
2011 3155 2104 3197 erat
2133 3156 2338 3209 secutuS,
2376 3163 2529 3198 rursus
2558 3151 2702 3196 disce-

287 3233 401 3279 dere.
460 3233 555 3280 Non
585 3246 736 3280 vereor
763 3237 893 3292 igitur
921 3246 975 3279 ne
1005 3236 1145 3291 ipsum
1163 3231 1412 3290 Euripidem
1443 3234 1673 3290 corrigerre
1702 3232 1850 3278 videar
1879 3233 1922 3276 si
1948 3226 2176 3286 Αῖγίσθου
2204 3227 2460 3288 (Λγισθον)
2500 3227 2612 3274 male
2653 3229 2704 3273 in
