<?xml version="1.0" encoding="UTF-8"?>
<!DOCTYPE html PUBLIC "-//W3C//DTD XHTML 1.0 Transitional//EN"
    "http://www.w3.org/TR/xhtml1/DTD/xhtml1-transitional.dtd">
<html xmlns="http://www.w3.org/1999/xhtml" xml:lang="en" lang="en">
 <head>
  <title>
</title>
<meta http-equiv="Content-Type" content="text/html;charset=utf-8" />
  <meta name='ocr-system' content='tesseract 3.04.00' />
  <meta name='ocr-capabilities' content='ocr_page ocr_carea ocr_par ocr_line ocrx_word'/>
</head>
<body>
  <div class='ocr_page' id='page_1' title='image "4766184_0017.png"; bbox 0 0 3009 3830; ppageno 0'>
   <div class='ocr_carea' id='block_1_1' title="bbox 1428 191 1489 237">
    <p class='ocr_par' dir='ltr' id='par_1_1' title="bbox 1428 191 1489 237">
     <span class='ocr_line' id='line_1_1' title="bbox 1428 191 1489 237; baseline 0 0"><span class='ocrx_word' id='word_1_1' title='bbox 1428 191 1489 237; x_wconf 81' lang='lat' dir='ltr'><strong>u</strong></span> 
     </span>
    </p>
   </div>
   <div class='ocr_carea' id='block_1_2' title="bbox 238 316 2665 900">
    <p class='ocr_par' dir='ltr' id='par_1_2' title="bbox 238 316 2665 900">
     <span class='ocr_line' id='line_1_2' title="bbox 241 316 2665 381; baseline -0.002 -14"><span class='ocrx_word' id='word_1_2' title='bbox 241 323 385 368; x_wconf 84' lang='lat' dir='ltr'><strong>istis</strong></span> <span class='ocrx_word' id='word_1_3' title='bbox 414 320 592 375; x_wconf 78' lang='lat' dir='ltr'><strong>digna</strong></span> <span class='ocrx_word' id='word_1_4' title='bbox 623 319 876 365; x_wconf 85' lang='lat' dir='ltr'><strong>catenis!</strong></span> <span class='ocrx_word' id='word_1_5' title='bbox 937 317 1113 366; x_wconf 86' lang='lat' dir='ltr'><strong>Tzetzes</strong></span> <span class='ocrx_word' id='word_1_6' title='bbox 1145 320 1201 365; x_wconf 82' lang='lat' dir='ltr'><strong>ad</strong></span> <span class='ocrx_word' id='word_1_7' title='bbox 1219 319 1488 378; x_wconf 73' lang='lat' dir='ltr'><strong>Lycophron.</strong></span> <span class='ocrx_word' id='word_1_8' title='bbox 1523 322 1634 367; x_wconf 84' lang='lat'>836:</span> <span class='ocrx_word' id='word_1_9' title='bbox 1665 320 1862 378; x_wconf 71' lang='grc' dir='ltr'><strong><em>Χρησμιῇ</em></strong></span> <span class='ocrx_word' id='word_1_10' title='bbox 1891 317 1944 362; x_wconf 80' lang='grc' dir='ltr'><strong>δὲ</strong></span> <span class='ocrx_word' id='word_1_11' title='bbox 1973 316 2001 363; x_wconf 84' lang='grc' dir='ltr'><strong><em>ὅ</em></strong></span> <span class='ocrx_word' id='word_1_12' title='bbox 2037 319 2221 380; x_wconf 76' lang='grc' dir='ltr'><strong><em>Κηφεὺς</em></strong></span> <span class='ocrx_word' id='word_1_13' title='bbox 2248 319 2330 381; x_wconf 82' lang='grc' dir='ltr'><strong>τὴν</strong></span> <span class='ocrx_word' id='word_1_14' title='bbox 2357 318 2496 367; x_wconf 70' lang='grc' dir='ltr'><strong><em>ἑαυτὰ·</em></strong></span> <span class='ocrx_word' id='word_1_15' title='bbox 2522 323 2665 379; x_wconf 64' lang='lat' dir='ltr'>³¹7oe-</span> 
     </span>
     <span class='ocr_line' id='line_1_3' title="bbox 239 385 2664 456; baseline 0.001 -18"><span class='ocrx_word' id='word_1_16' title='bbox 239 389 351 452; x_wconf 67' lang='grc' dir='ltr'><strong><em>τόρα</em></strong></span> <span class='ocrx_word' id='word_1_17' title='bbox 376 389 459 451; x_wconf 73' lang='grc' dir='ltr'><strong><em>τὴν</em></strong></span> <span class='ocrx_word' id='word_1_18' title='bbox 477 385 797 450; x_wconf 77' lang='grc' dir='ltr'><strong><em>Ἀνδρομέδαν</em></strong></span> <span class='ocrx_word' id='word_1_19' title='bbox 832 388 946 450; x_wconf 77' lang='grc' dir='ltr'><strong><em>πρὸς</em></strong></span> <span class='ocrx_word' id='word_1_20' title='bbox 982 389 1128 450; x_wconf 79' lang='grc' dir='ltr'><strong><em>βορὰν</em></strong></span> <span class='ocrx_word' id='word_1_21' title='bbox 1169 387 1332 438; x_wconf 69' lang='grc' dir='ltr'><strong><em>ἔδωκεν</em></strong></span> <span class='ocrx_word' id='word_1_22' title='bbox 1375 390 1607 452; x_wconf 75' lang='grc' dir='ltr'><strong><em>ἐκριφῆναι</em></strong></span> <span class='ocrx_word' id='word_1_23' title='bbox 1637 396 1703 451; x_wconf 78' lang='grc' dir='ltr'><strong>τῷ</strong></span> <span class='ocrx_word' id='word_1_24' title='bbox 1731 392 1853 453; x_wconf 74' lang='grc' dir='ltr'><strong><em>κήτει</em></strong></span> <span class='ocrx_word' id='word_1_25' title='bbox 1894 421 1952 431; x_wconf 89' lang='grc'><strong>-</strong></span> <span class='ocrx_word' id='word_1_26' title='bbox 1985 394 2166 450; x_wconf 83' lang='grc' dir='ltr'><strong><em>δεσμοῖς</em></strong></span> <span class='ocrx_word' id='word_1_27' title='bbox 2208 396 2408 456; x_wconf 83' lang='grc' dir='ltr'><strong><em>σιδηροῖς</em></strong></span> <span class='ocrx_word' id='word_1_28' title='bbox 2445 396 2664 451; x_wconf 73' lang='grc' dir='ltr'><strong><em>δεσμὲσιν</em></strong></span> 
     </span>
     <span class='ocr_line' id='line_1_4' title="bbox 241 461 2659 530; baseline 0.002 -19"><span class='ocrx_word' id='word_1_29' title='bbox 241 461 384 526; x_wconf 55' lang='lat' dir='ltr'><strong>abnui»</strong></span> <span class='ocrx_word' id='word_1_30' title='bbox 405 463 536 524; x_wconf 58' lang='lat' dir='ltr'><strong>{rapui</strong></span> <span class='ocrx_word' id='word_1_31' title='bbox 564 461 732 524; x_wconf 71' lang='grc' dir='ltr'><strong><em>πέτρας</em></strong></span> <span class='ocrx_word' id='word_1_32' title='bbox 759 465 894 518; x_wconf 60' lang='lat' dir='ltr'><strong>mag.</strong></span> <span class='ocrx_word' id='word_1_33' title='bbox 965 466 1102 512; x_wconf 86' lang='lat' dir='ltr'><strong>Simili</strong></span> <span class='ocrx_word' id='word_1_34' title='bbox 1140 467 1268 512; x_wconf 71' lang='lat' dir='ltr'><strong>inodo</strong></span> <span class='ocrx_word' id='word_1_35' title='bbox 1281 500 1294 523; x_wconf 93' lang='lat'><strong>,</strong></span> <span class='ocrx_word' id='word_1_36' title='bbox 1337 479 1419 523; x_wconf 85' lang='lat' dir='ltr'><strong>quo</strong></span> <span class='ocrx_word' id='word_1_37' title='bbox 1452 469 1558 523; x_wconf 73' lang='lat' dir='ltr'><strong>joco</strong></span> <span class='ocrx_word' id='word_1_38' title='bbox 1589 472 1759 512; x_wconf 90' lang='lat' dir='ltr'><strong>ornaret</strong></span> <span class='ocrx_word' id='word_1_39' title='bbox 1797 464 2028 512; x_wconf 87' lang='lat' dir='ltr'><strong>orationem</strong></span> <span class='ocrx_word' id='word_1_40' title='bbox 2067 468 2371 527; x_wconf 70' lang='lat' dir='ltr'><strong>Aristophanes</strong></span> <span class='ocrx_word' id='word_1_41' title='bbox 2407 469 2659 530; x_wconf 75' lang='lat' dir='ltr'><strong>Thesmoph.</strong></span> 
     </span>
     <span class='ocr_line' id='line_1_5' title="bbox 241 537 2661 604; baseline 0 -16"><span class='ocrx_word' id='word_1_42' title='bbox 241 539 510 588; x_wconf 67' lang='lat' dir='ltr'><strong>1083!th</strong></span> <span class='ocrx_word' id='word_1_43' title='bbox 529 538 649 600; x_wconf 57' lang='grc' dir='ltr'><strong><em>ἀήτει</em></strong></span> <span class='ocrx_word' id='word_1_44' title='bbox 667 538 784 600; x_wconf 77' lang='grc' dir='ltr'><strong><em>βορὰ</em></strong></span> <span class='ocrx_word' id='word_1_45' title='bbox 813 537 1037 604; x_wconf 69' lang='grc' dir='ltr'><strong><em>Ιλάυκέτῃ</em></strong></span> <span class='ocrx_word' id='word_1_46' title='bbox 1089 538 1348 601; x_wconf 72' lang='grc' dir='ltr'><strong><em>πρόκειμαι,</em></strong></span> <span class='ocrx_word' id='word_1_47' title='bbox 1377 539 1452 586; x_wconf 85' lang='lat' dir='ltr'><strong>ubi</strong></span> <span class='ocrx_word' id='word_1_48' title='bbox 1469 539 1665 586; x_wconf 82' lang='lat' dir='ltr'><strong>helnonis</strong></span> <span class='ocrx_word' id='word_1_49' title='bbox 1687 539 1908 595; x_wconf 80' lang='lat' dir='ltr'><strong>cujusdam</strong></span> <span class='ocrx_word' id='word_1_50' title='bbox 1932 549 2086 585; x_wconf 86' lang='lat' dir='ltr'><strong>nomen</strong></span> <span class='ocrx_word' id='word_1_51' title='bbox 2105 539 2304 586; x_wconf 82' lang='lat' dir='ltr'><strong>submisit</strong></span> <span class='ocrx_word' id='word_1_52' title='bbox 2329 544 2375 586; x_wconf 88' lang='lat' dir='ltr'><strong>in</strong></span> <span class='ocrx_word' id='word_1_53' title='bbox 2404 540 2544 588; x_wconf 83' lang='lat' dir='ltr'><strong>locum</strong></span> <span class='ocrx_word' id='word_1_54' title='bbox 2573 544 2661 601; x_wconf 84' lang='lat' dir='ltr'><strong>epi-</strong></span> 
     </span>
     <span class='ocr_line' id='line_1_6' title="bbox 238 609 2658 675; baseline -0 -12"><span class='ocrx_word' id='word_1_55' title='bbox 238 615 360 675; x_wconf 81' lang='lat' dir='ltr'><strong>the&#39;ti,</strong></span> <span class='ocrx_word' id='word_1_56' title='bbox 391 614 516 674; x_wconf 70' lang='lat' dir='ltr'><strong>quoii,</strong></span> <span class='ocrx_word' id='word_1_57' title='bbox 544 612 640 663; x_wconf 73' lang='lat' dir='ltr'><strong>&#39;sive</strong></span> <span class='ocrx_word' id='word_1_58' title='bbox 670 613 844 673; x_wconf 75' lang='grc' dir='ltr'><strong><em>γλαυκῷ</em></strong></span> <span class='ocrx_word' id='word_1_59' title='bbox 870 618 963 662; x_wconf 86' lang='lat' dir='ltr'><strong>sive</strong></span> <span class='ocrx_word' id='word_1_60' title='bbox 983 615 1237 662; x_wconf 82' lang='lat' dir='ltr'><strong>vocabulum</strong></span> <span class='ocrx_word' id='word_1_61' title='bbox 1258 615 1337 660; x_wconf 85' lang='lat' dir='ltr'><strong>suit</strong></span> <span class='ocrx_word' id='word_1_62' title='bbox 1357 625 1452 660; x_wconf 90' lang='lat' dir='ltr'><strong>cum</strong></span> <span class='ocrx_word' id='word_1_63' title='bbox 1483 609 1652 669; x_wconf 77' lang='grc' dir='ltr'><strong><em>γαυκὸς</em></strong></span> <span class='ocrx_word' id='word_1_64' title='bbox 1682 615 1958 670; x_wconf 88' lang='lat' dir='ltr'><strong>compositum</strong></span> <span class='ocrx_word' id='word_1_65' title='bbox 1978 611 2049 656; x_wconf 84' lang='lat' dir='ltr'><strong>vel</strong></span> <span class='ocrx_word' id='word_1_66' title='bbox 2064 614 2164 658; x_wconf 79' lang='lat' dir='ltr'><strong>inde</strong></span> <span class='ocrx_word' id='word_1_67' title='bbox 2184 615 2439 673; x_wconf 84' lang='lat' dir='ltr'><strong>derivatum,</strong></span> <span class='ocrx_word' id='word_1_68' title='bbox 2469 618 2658 661; x_wconf 82' lang='lat' dir='ltr'><strong>additum</strong></span> 
     </span>
     <span class='ocr_line' id='line_1_7' title="bbox 240 686 2658 750; baseline -0.001 -12"><span class='ocrx_word' id='word_1_69' title='bbox 240 693 333 738; x_wconf 73' lang='lat' dir='ltr'><strong>erat</strong></span> <span class='ocrx_word' id='word_1_70' title='bbox 351 691 520 737; x_wconf 73' lang='lat' dir='ltr'><strong>nomini</strong></span> <span class='ocrx_word' id='word_1_71' title='bbox 559 686 691 750; x_wconf 59' lang='grc' dir='ltr'><strong><em>κήτει.</em></strong></span> <span class='ocrx_word' id='word_1_72' title='bbox 751 691 866 737; x_wconf 80' lang='lat' dir='ltr'><strong>idem</strong></span> <span class='ocrx_word' id='word_1_73' title='bbox 896 703 922 737; x_wconf 91' lang='lat' dir='ltr'><strong>a</strong></span> <span class='ocrx_word' id='word_1_74' title='bbox 953 693 1113 736; x_wconf 89' lang='lat' dir='ltr'><strong>comico</strong></span> <span class='ocrx_word' id='word_1_75' title='bbox 1143 690 1301 736; x_wconf 82' lang='lat' dir='ltr'><strong>factum</strong></span> <span class='ocrx_word' id='word_1_76' title='bbox 1339 694 1408 734; x_wconf 89' lang='lat' dir='ltr'><strong>est</strong></span> <span class='ocrx_word' id='word_1_77' title='bbox 1439 699 1479 733; x_wconf 85' lang='lat' dir='ltr'><strong>v.</strong></span> <span class='ocrx_word' id='word_1_78' title='bbox 1506 691 1654 734; x_wconf 79' lang='lat'><strong>¹1031:</strong></span> <span class='ocrx_word' id='word_1_79' title='bbox 1686 686 1854 748; x_wconf 80' lang='grc' dir='ltr'><em>ψήφων</em></span> <span class='ocrx_word' id='word_1_80' title='bbox 1883 686 2047 747; x_wconf 81' lang='grc' dir='ltr'><strong><em>κημὸν,</em></strong></span> <span class='ocrx_word' id='word_1_81' title='bbox 2087 689 2163 734; x_wconf 82' lang='lat' dir='ltr'><strong>ubi</strong></span> <span class='ocrx_word' id='word_1_82' title='bbox 2204 691 2502 736; x_wconf 84' lang='lat' dir='ltr'><strong>abstinendum</strong></span> <span class='ocrx_word' id='word_1_83' title='bbox 2538 692 2658 736; x_wconf 79' lang='lat' dir='ltr'><strong>vide-</strong></span> 
     </span>
     <span class='ocr_line' id='line_1_8' title="bbox 239 760 2657 826; baseline 0.001 -15"><span class='ocrx_word' id='word_1_84' title='bbox 239 768 365 812; x_wconf 80' lang='lat' dir='ltr'><strong>tur&#39;a</strong></span> <span class='ocrx_word' id='word_1_85' title='bbox 393 760 674 824; x_wconf 72' lang='lat' dir='ltr'><strong>divinatione,</strong></span> <span class='ocrx_word' id='word_1_86' title='bbox 707 766 807 823; x_wconf 80' lang='lat' dir='ltr'><strong>quid</strong></span> <span class='ocrx_word' id='word_1_87' title='bbox 836 774 890 811; x_wconf 83' lang='lat' dir='ltr'><strong>ex</strong></span> <span class='ocrx_word' id='word_1_88' title='bbox 917 765 1157 823; x_wconf 75' lang='lat' dir='ltr'><strong>Euripideis</strong></span> <span class='ocrx_word' id='word_1_89' title='bbox 1209 766 1440 810; x_wconf 82' lang='lat' dir='ltr'>traduxerit</span> <span class='ocrx_word' id='word_1_90' title='bbox 1468 764 1563 822; x_wconf 88' lang='lat' dir='ltr'><strong>ille;</strong></span> <span class='ocrx_word' id='word_1_91' title='bbox 1606 770 1649 809; x_wconf 88' lang='lat' dir='ltr'><strong>et</strong></span> <span class='ocrx_word' id='word_1_92' title='bbox 1676 777 1717 808; x_wconf 84' lang='lat' dir='ltr'><strong>v.</strong></span> <span class='ocrx_word' id='word_1_93' title='bbox 1761 767 1904 810; x_wconf 87' lang='lat'><strong>1040:</strong></span> <span class='ocrx_word' id='word_1_94' title='bbox 1937 766 2068 822; x_wconf 82' lang='grc' dir='ltr'><strong><em>φῶτα</em></strong></span> <span class='ocrx_word' id='word_1_95' title='bbox 2095 764 2353 820; x_wconf 78' lang='grc' dir='ltr'><strong><em>λιτομέναν,</em></strong></span> <span class='ocrx_word' id='word_1_96' title='bbox 2396 769 2508 825; x_wconf 79' lang='lat' dir='ltr'><strong>quod</strong></span> <span class='ocrx_word' id='word_1_97' title='bbox 2543 766 2657 826; x_wconf 78' lang='lat' dir='ltr'><strong>apud</strong></span> 
     </span>
     <span class='ocr_line' id='line_1_9' title="bbox 239 835 2185 900; baseline -0.001 -12"><span class='ocrx_word' id='word_1_98' title='bbox 239 844 448 899; x_wconf 79' lang='lat' dir='ltr'><strong>tragicum</strong></span> <span class='ocrx_word' id='word_1_99' title='bbox 478 841 574 899; x_wconf 83' lang='grc' dir='ltr'><strong>φῶς</strong></span> <span class='ocrx_word' id='word_1_100' title='bbox 602 835 868 896; x_wconf 82' lang='grc' dir='ltr'><strong><em>λισσομέναν</em></strong></span> <span class='ocrx_word' id='word_1_101' title='bbox 896 843 924 887; x_wconf 90' lang='lat' dir='ltr'><strong>i.</strong></span> <span class='ocrx_word' id='word_1_102' title='bbox 957 853 994 886; x_wconf 90' lang='lat' dir='ltr'><strong>e.</strong></span> <span class='ocrx_word' id='word_1_103' title='bbox 1026 843 1202 886; x_wconf 81' lang='lat' dir='ltr'><strong>vltam</strong></span> <span class='ocrx_word' id='word_1_104' title='bbox 1231 844 1549 899; x_wconf 83' lang='lat' dir='ltr'><strong>precantem</strong></span> <span class='ocrx_word' id='word_1_105' title='bbox 1580 842 1781 897; x_wconf 87' lang='lat' dir='ltr'><strong>scriptum</strong></span> <span class='ocrx_word' id='word_1_106' title='bbox 1811 839 1948 886; x_wconf 85' lang='lat' dir='ltr'><strong>fuisse</strong></span> <span class='ocrx_word' id='word_1_107' title='bbox 1978 842 2185 900; x_wconf 86' lang='lat' dir='ltr'><strong>suspicor.</strong></span> 
     </span>
    </p>
   </div>
   <div class='ocr_carea' id='block_1_3' title="bbox 236 986 2649 1651">
    <p class='ocr_par' dir='ltr' id='par_1_3' title="bbox 531 986 1991 1045">
     <span class='ocr_line' id='line_1_10' title="bbox 531 986 1991 1045; baseline -0.001 -13"><span class='ocrx_word' id='word_1_108' title='bbox 531 987 655 1033; x_wconf 82' lang='lat' dir='ltr'>XVII.</span> <span class='ocrx_word' id='word_1_109' title='bbox 685 986 824 1033; x_wconf 88' lang='lat' dir='ltr'><strong>Verba</strong></span> <span class='ocrx_word' id='word_1_110' title='bbox 855 999 908 1032; x_wconf 83' lang='lat' dir='ltr'><strong>ex</strong></span> <span class='ocrx_word' id='word_1_111' title='bbox 935 987 1145 1044; x_wconf 87' lang='lat' dir='ltr'><strong>Antigona</strong></span> <span class='ocrx_word' id='word_1_112' title='bbox 1174 989 1287 1045; x_wconf 85' lang='lat' dir='ltr'><strong>apud</strong></span> <span class='ocrx_word' id='word_1_113' title='bbox 1316 986 1433 1031; x_wconf 88' lang='lat' dir='ltr'><strong>Stob.</strong></span> <span class='ocrx_word' id='word_1_114' title='bbox 1465 987 1571 1030; x_wconf 89' lang='lat' dir='ltr'><strong>Flor.</strong></span> <span class='ocrx_word' id='word_1_115' title='bbox 1606 989 1689 1043; x_wconf 85' lang='lat'><strong>49,</strong></span> <span class='ocrx_word' id='word_1_116' title='bbox 1722 991 1762 1031; x_wconf 89' lang='grc'><strong>5.</strong></span> <span class='ocrx_word' id='word_1_117' title='bbox 1797 993 1991 1031; x_wconf 86' lang='lat' dir='ltr'><strong>servata:</strong></span> 
     </span>
    </p>

    <p class='ocr_par' dir='ltr' id='par_1_4' title="bbox 929 1058 2001 1122">
     <span class='ocr_line' id='line_1_11' title="bbox 929 1058 2001 1122; baseline 0.004 -18"><span class='ocrx_word' id='word_1_118' title='bbox 929 1058 1032 1104; x_wconf 61' lang='lat'>01&#39;51’</span> <span class='ocrx_word' id='word_1_119' title='bbox 1063 1058 1182 1113; x_wconf 74' lang='grc' dir='ltr'><strong><em>εἰκὸς</em></strong></span> <span class='ocrx_word' id='word_1_120' title='bbox 1211 1058 1382 1120; x_wconf 75' lang='grc' dir='ltr'><strong><em>ἄρχειν,</em></strong></span> <span class='ocrx_word' id='word_1_121' title='bbox 1413 1062 1504 1108; x_wconf 69' lang='grc' dir='ltr'><strong><em>οὔτ’</em></strong></span> <span class='ocrx_word' id='word_1_122' title='bbox 1537 1061 1669 1122; x_wconf 71' lang='grc' dir='ltr'><strong><em>ἐχρῆν</em></strong></span> <span class='ocrx_word' id='word_1_123' title='bbox 1698 1059 1807 1106; x_wconf 80' lang='grc' dir='ltr'><strong><em>εἶναι</em></strong></span> <span class='ocrx_word' id='word_1_124' title='bbox 1835 1063 1974 1120; x_wconf 87' lang='grc' dir='ltr'><strong><em>νόμον</em></strong></span> <span class='ocrx_word' id='word_1_125' title='bbox 1989 1081 2001 1092; x_wconf 88' lang='grc'><em>·</em></span> 
     </span>
    </p>

    <p class='ocr_par' dir='ltr' id='par_1_5' title="bbox 934 1130 1850 1196">
     <span class='ocr_line' id='line_1_12' title="bbox 934 1130 1850 1196; baseline 0.002 -18"><span class='ocrx_word' id='word_1_126' title='bbox 934 1133 1149 1193; x_wconf 83' lang='grc' dir='ltr'><strong><em>τύραννον</em></strong></span> <span class='ocrx_word' id='word_1_127' title='bbox 1178 1130 1290 1180; x_wconf 84' lang='grc' dir='ltr'><strong><em>εἶναι</em></strong></span> <span class='ocrx_word' id='word_1_128' title='bbox 1318 1137 1463 1196; x_wconf 80' lang='grc' dir='ltr'><em>μωρία</em></span> <span class='ocrx_word' id='word_1_129' title='bbox 1494 1137 1545 1182; x_wconf 81' lang='grc' dir='ltr'><strong>δὲ</strong></span> <span class='ocrx_word' id='word_1_130' title='bbox 1575 1138 1648 1181; x_wconf 84' lang='grc' dir='ltr'><strong><em>καί</em></strong></span> <span class='ocrx_word' id='word_1_131' title='bbox 1678 1135 1850 1189; x_wconf 77' lang='grc' dir='ltr'><strong><em>θέλειν,</em></strong></span> 
     </span>
    </p>

    <p class='ocr_par' dir='ltr' id='par_1_6' title="bbox 236 1203 2649 1651">
     <span class='ocr_line' id='line_1_13' title="bbox 929 1203 2155 1272; baseline 0.006 -18"><span class='ocrx_word' id='word_1_132' title='bbox 929 1203 981 1263; x_wconf 79' lang='grc' dir='ltr'><strong>ὃς</strong></span> <span class='ocrx_word' id='word_1_133' title='bbox 1009 1213 1096 1255; x_wconf 83' lang='grc' dir='ltr'><strong>τῶν</strong></span> <span class='ocrx_word' id='word_1_134' title='bbox 1126 1208 1292 1268; x_wconf 77' lang='grc' dir='ltr'><strong><em>ὁμοίιον</em></strong></span> <span class='ocrx_word' id='word_1_135' title='bbox 1318 1212 1512 1270; x_wconf 77' lang='grc' dir='ltr'><strong><em>βέλεται.</em></strong></span> <span class='ocrx_word' id='word_1_136' title='bbox 1532 1216 1708 1272; x_wconf 83' lang='grc' dir='ltr'><em>κρατεῖν</em></span> <span class='ocrx_word' id='word_1_137' title='bbox 1735 1212 1898 1270; x_wconf 87' lang='grc' dir='ltr'><strong><em>μόνος,</em></strong></span> <span class='ocrx_word' id='word_1_138' title='bbox 1928 1214 1997 1270; x_wconf 86' lang='grc' dir='ltr'><strong>(Ν.</strong></span> <span class='ocrx_word' id='word_1_139' title='bbox 2033 1218 2155 1268; x_wconf 85' lang='grc'><strong>171.)</strong></span> 
     </span>
     <span class='ocr_line' id='line_1_14' title="bbox 236 1285 2649 1347; baseline 0.001 -18"><span class='ocrx_word' id='word_1_140' title='bbox 236 1297 348 1342; x_wconf 83' lang='lat' dir='ltr'><strong>quae</strong></span> <span class='ocrx_word' id='word_1_141' title='bbox 378 1290 479 1330; x_wconf 91' lang='lat' dir='ltr'><strong>sunt</strong></span> <span class='ocrx_word' id='word_1_142' title='bbox 507 1297 561 1330; x_wconf 85' lang='lat' dir='ltr'><strong>ex</strong></span> <span class='ocrx_word' id='word_1_143' title='bbox 591 1289 777 1331; x_wconf 88' lang='lat' dir='ltr'><strong>oratione</strong></span> <span class='ocrx_word' id='word_1_144' title='bbox 809 1285 951 1343; x_wconf 88' lang='lat' dir='ltr'><strong>aliqua</strong></span> <span class='ocrx_word' id='word_1_145' title='bbox 998 1290 1091 1332; x_wconf 85' lang='lat' dir='ltr'><strong>sive</strong></span> <span class='ocrx_word' id='word_1_146' title='bbox 1119 1288 1352 1346; x_wconf 78' lang='lat' dir='ltr'><strong>Antigonae</strong></span> <span class='ocrx_word' id='word_1_147' title='bbox 1383 1293 1474 1335; x_wconf 91' lang='lat' dir='ltr'><strong>sive</strong></span> <span class='ocrx_word' id='word_1_148' title='bbox 1504 1291 1752 1347; x_wconf 82' lang='lat' dir='ltr'><strong>HaemoniS‚</strong></span> <span class='ocrx_word' id='word_1_149' title='bbox 1785 1298 1967 1336; x_wconf 89' lang='lat' dir='ltr'><strong>atrocem</strong></span> <span class='ocrx_word' id='word_1_150' title='bbox 1997 1290 2115 1335; x_wconf 92' lang='lat' dir='ltr'><strong>illam</strong></span> <span class='ocrx_word' id='word_1_151' title='bbox 2148 1290 2340 1335; x_wconf 81' lang='lat' dir='ltr'><strong>Creontis</strong></span> <span class='ocrx_word' id='word_1_152' title='bbox 2371 1288 2511 1345; x_wconf 88' lang='lat' dir='ltr'><strong>legem</strong></span> <span class='ocrx_word' id='word_1_153' title='bbox 2532 1287 2649 1332; x_wconf 82' lang='lat' dir='ltr'><strong>dam-</strong></span> 
     </span>
     <span class='ocr_line' id='line_1_15' title="bbox 238 1361 2648 1424; baseline 0.001 -20"><span class='ocrx_word' id='word_1_154' title='bbox 238 1363 405 1417; x_wconf 86' lang='lat' dir='ltr'><strong>nantis,</strong></span> <span class='ocrx_word' id='word_1_155' title='bbox 436 1362 636 1409; x_wconf 69' lang='lat' dir='ltr'><strong>videntur,</strong></span> <span class='ocrx_word' id='word_1_156' title='bbox 660 1361 860 1406; x_wconf 87' lang='lat' dir='ltr'><strong>facillimo</strong></span> <span class='ocrx_word' id='word_1_157' title='bbox 904 1363 1027 1407; x_wconf 85' lang='lat' dir='ltr'><strong>modo</strong></span> <span class='ocrx_word' id='word_1_158' title='bbox 1059 1365 1272 1423; x_wconf 81' lang='lat' dir='ltr'><strong>emendari</strong></span> <span class='ocrx_word' id='word_1_159' title='bbox 1300 1378 1454 1423; x_wconf 88' lang='lat' dir='ltr'><strong>posse,</strong></span> <span class='ocrx_word' id='word_1_160' title='bbox 1486 1370 1694 1424; x_wconf 87' lang='lat' dir='ltr'><strong>scriptura</strong></span> <span class='ocrx_word' id='word_1_161' title='bbox 1726 1367 1851 1412; x_wconf 86' lang='lat' dir='ltr'><strong>Codd.</strong></span> <span class='ocrx_word' id='word_1_162' title='bbox 1892 1379 1978 1411; x_wconf 90' lang='lat' dir='ltr'><strong>non</strong></span> <span class='ocrx_word' id='word_1_163' title='bbox 2007 1372 2192 1421; x_wconf 88' lang='lat' dir='ltr'><strong>mutata,</strong></span> <span class='ocrx_word' id='word_1_164' title='bbox 2234 1365 2314 1410; x_wconf 85' lang='lat' dir='ltr'><strong>sed</strong></span> <span class='ocrx_word' id='word_1_165' title='bbox 2350 1362 2516 1408; x_wconf 82' lang='lat' dir='ltr'><strong>duobus</strong></span> <span class='ocrx_word' id='word_1_166' title='bbox 2547 1368 2648 1407; x_wconf 85' lang='lat' dir='ltr'><strong>tan·</strong></span> 
     </span>
     <span class='ocr_line' id='line_1_16' title="bbox 236 1436 2647 1498; baseline 0 -18"><span class='ocrx_word' id='word_1_167' title='bbox 236 1442 327 1480; x_wconf 84' lang='lat' dir='ltr'><strong>tum</strong></span> <span class='ocrx_word' id='word_1_168' title='bbox 356 1436 578 1481; x_wconf 86' lang='lat' dir='ltr'><strong>vocabulis</strong></span> <span class='ocrx_word' id='word_1_169' title='bbox 607 1440 891 1493; x_wconf 87' lang='lat' dir='ltr'><strong>transpositis.</strong></span> <span class='ocrx_word' id='word_1_170' title='bbox 955 1438 1050 1483; x_wconf 89' lang='lat' dir='ltr'><strong>Par.</strong></span> <span class='ocrx_word' id='word_1_171' title='bbox 1081 1437 1126 1483; x_wconf 88' lang='lat' dir='ltr'><strong>A.</strong></span> <span class='ocrx_word' id='word_1_172' title='bbox 1160 1445 1202 1483; x_wconf 91' lang='lat' dir='ltr'><strong>et</strong></span> <span class='ocrx_word' id='word_1_173' title='bbox 1230 1439 1291 1498; x_wconf 66' lang='grc' dir='ltr'><strong>Β.</strong></span> <span class='ocrx_word' id='word_1_174' title='bbox 1310 1439 1469 1485; x_wconf 90' lang='lat' dir='ltr'><strong>habent</strong></span> <span class='ocrx_word' id='word_1_175' title='bbox 1497 1441 1671 1491; x_wconf 74' lang='grc' dir='ltr'><strong><em>θεῖναι,</em></strong></span> <span class='ocrx_word' id='word_1_176' title='bbox 1703 1442 1814 1496; x_wconf 86' lang='lat' dir='ltr'><strong>quod</strong></span> <span class='ocrx_word' id='word_1_177' title='bbox 1856 1453 1933 1485; x_wconf 91' lang='lat' dir='ltr'><strong>suo</strong></span> <span class='ocrx_word' id='word_1_178' title='bbox 1975 1439 2068 1485; x_wconf 88' lang='lat' dir='ltr'><strong>loco</strong></span> <span class='ocrx_word' id='word_1_179' title='bbox 2099 1450 2278 1497; x_wconf 85' lang='lat' dir='ltr'><strong>repono:</strong></span> <span class='ocrx_word' id='word_1_180' title='bbox 2308 1438 2456 1481; x_wconf 74' lang='grc' dir='ltr'><strong><em>θεῖναι</em></strong></span> <span class='ocrx_word' id='word_1_181' title='bbox 2484 1436 2647 1496; x_wconf 66' lang='grc' dir='ltr'><strong><em>τύρσιν.</em></strong></span> 
     </span>
     <span class='ocr_line' id='line_1_17' title="bbox 239 1507 2643 1575; baseline 0.001 -20"><span class='ocrx_word' id='word_1_182' title='bbox 239 1525 318 1558; x_wconf 90' lang='grc' dir='ltr'><strong>νον</strong></span> <span class='ocrx_word' id='word_1_183' title='bbox 355 1509 500 1570; x_wconf 87' lang='grc' dir='ltr'><em>μωρία</em></span> <span class='ocrx_word' id='word_1_184' title='bbox 534 1509 585 1554; x_wconf 84' lang='grc' dir='ltr'><strong>δὲ</strong></span> <span class='ocrx_word' id='word_1_185' title='bbox 624 1510 697 1554; x_wconf 77' lang='grc' dir='ltr'><strong><em>καὶ</em></strong></span> <span class='ocrx_word' id='word_1_186' title='bbox 736 1507 896 1555; x_wconf 74' lang='grc' dir='ltr'><strong><em>θέλειν.</em></strong></span> <span class='ocrx_word' id='word_1_187' title='bbox 968 1510 1055 1575; x_wconf 73' lang='lat' dir='ltr'><strong>Quo</strong></span> <span class='ocrx_word' id='word_1_188' title='bbox 1093 1513 1205 1559; x_wconf 83' lang='lat' dir='ltr'><strong>facto</strong></span> <span class='ocrx_word' id='word_1_189' title='bbox 1245 1519 1480 1560; x_wconf 85' lang='lat' dir='ltr'><strong>sententiae</strong></span> <span class='ocrx_word' id='word_1_190' title='bbox 1522 1519 1648 1561; x_wconf 88' lang='lat' dir='ltr'><strong>etiam</strong></span> <span class='ocrx_word' id='word_1_191' title='bbox 1686 1516 1761 1561; x_wconf 88' lang='lat' dir='ltr'><strong>illa</strong></span> <span class='ocrx_word' id='word_1_192' title='bbox 1805 1519 1983 1561; x_wconf 87' lang='lat' dir='ltr'><strong>oratoria</strong></span> <span class='ocrx_word' id='word_1_193' title='bbox 2022 1517 2090 1559; x_wconf 88' lang='lat' dir='ltr'><strong>vis</strong></span> <span class='ocrx_word' id='word_1_194' title='bbox 2132 1514 2317 1571; x_wconf 85' lang='lat' dir='ltr'><strong>accedit,</strong></span> <span class='ocrx_word' id='word_1_195' title='bbox 2360 1526 2468 1570; x_wconf 87' lang='lat' dir='ltr'><strong>quae</strong></span> <span class='ocrx_word' id='word_1_196' title='bbox 2500 1520 2569 1558; x_wconf 91' lang='lat' dir='ltr'><strong>est</strong></span> <span class='ocrx_word' id='word_1_197' title='bbox 2598 1517 2643 1558; x_wconf 87' lang='lat' dir='ltr'><strong>iu</strong></span> 
     </span>
     <span class='ocr_line' id='line_1_18' title="bbox 238 1587 1301 1651; baseline 0.003 -18"><span class='ocrx_word' id='word_1_198' title='bbox 238 1591 434 1646; x_wconf 83' lang='lat' dir='ltr'><strong>quaesita</strong></span> <span class='ocrx_word' id='word_1_199' title='bbox 465 1587 726 1644; x_wconf 88' lang='lat' dir='ltr'><strong>singulorum</strong></span> <span class='ocrx_word' id='word_1_200' title='bbox 754 1587 977 1651; x_wconf 84' lang='lat' dir='ltr'><strong>verborum</strong></span> <span class='ocrx_word' id='word_1_201' title='bbox 1012 1589 1301 1636; x_wconf 80' lang='lat' dir='ltr'><strong>collocatione.</strong></span> 
     </span>
    </p>
   </div>
   <div class='ocr_carea' id='block_1_4' title="bbox 235 1728 2640 2242">
    <p class='ocr_par' dir='ltr' id='par_1_7' title="bbox 525 1728 2347 1869">
     <span class='ocr_line' id='line_1_19' title="bbox 525 1728 2347 1794; baseline -0.001 -16"><span class='ocrx_word' id='word_1_202' title='bbox 525 1728 668 1778; x_wconf 84' lang='lat' dir='ltr'><strong>XVIII.</strong></span> <span class='ocrx_word' id='word_1_203' title='bbox 700 1732 817 1779; x_wconf 87' lang='lat' dir='ltr'><strong>Stob.</strong></span> <span class='ocrx_word' id='word_1_204' title='bbox 849 1732 956 1780; x_wconf 87' lang='lat' dir='ltr'><strong>Flor.</strong></span> <span class='ocrx_word' id='word_1_205' title='bbox 990 1738 1075 1794; x_wconf 83' lang='lat'><strong>74,</strong></span> <span class='ocrx_word' id='word_1_206' title='bbox 1109 1737 1189 1782; x_wconf 79' lang='lat'><strong>18:</strong></span> <span class='ocrx_word' id='word_1_207' title='bbox 1252 1731 1315 1780; x_wconf 83' lang='grc' dir='ltr'><strong>Οὔ</strong></span> <span class='ocrx_word' id='word_1_208' title='bbox 1346 1734 1642 1794; x_wconf 52' lang='grc' dir='ltr'><strong><em>σωφρονίζειν,</em></strong></span> <span class='ocrx_word' id='word_1_209' title='bbox 1665 1731 1867 1791; x_wconf 69' lang='grc' dir='ltr'><strong><em>ἔμαθον,</em></strong></span> <span class='ocrx_word' id='word_1_210' title='bbox 1899 1733 2129 1778; x_wconf 71' lang='grc' dir='ltr'><strong><em>αἰδεῖσθαι</em></strong></span> <span class='ocrx_word' id='word_1_211' title='bbox 2159 1733 2211 1777; x_wconf 80' lang='grc' dir='ltr'><strong>δὲ</strong></span> <span class='ocrx_word' id='word_1_212' title='bbox 2239 1731 2347 1793; x_wconf 80' lang='grc' dir='ltr'><strong><em>χρὴ,</em></strong></span> 
     </span>
     <span class='ocr_line' id='line_1_20' title="bbox 925 1807 2228 1869; baseline 0.002 -17"><span class='ocrx_word' id='word_1_213' title='bbox 925 1807 1070 1865; x_wconf 79' lang='grc' dir='ltr'><strong><em>γύναι,</em></strong></span> <span class='ocrx_word' id='word_1_214' title='bbox 1099 1807 1153 1855; x_wconf 84' lang='grc' dir='ltr'><strong>τὸ</strong></span> <span class='ocrx_word' id='word_1_215' title='bbox 1183 1809 1281 1854; x_wconf 88' lang='grc' dir='ltr'><strong><em>λίαν</em></strong></span> <span class='ocrx_word' id='word_1_216' title='bbox 1310 1811 1382 1855; x_wconf 81' lang='grc' dir='ltr'><strong><em>καὶ</em></strong></span> <span class='ocrx_word' id='word_1_217' title='bbox 1412 1810 1724 1869; x_wconf 74' lang='grc' dir='ltr'><strong><em>φυλάσσεσθαι</em></strong></span> <span class='ocrx_word' id='word_1_218' title='bbox 1756 1807 1939 1868; x_wconf 68' lang='grc' dir='ltr'><strong><em>φθόνον.</em></strong></span> <span class='ocrx_word' id='word_1_219' title='bbox 2001 1810 2070 1865; x_wconf 83' lang='grc' dir='ltr'><strong>(Ν.</strong></span> <span class='ocrx_word' id='word_1_220' title='bbox 2107 1813 2228 1864; x_wconf 85' lang='grc'><strong>192.)</strong></span> 
     </span>
    </p>

    <p class='ocr_par' dir='ltr' id='par_1_8' title="bbox 235 1884 2640 2242">
     <span class='ocr_line' id='line_1_21' title="bbox 359 1884 2640 1944; baseline 0 -17"><span class='ocrx_word' id='word_1_221' title='bbox 359 1884 524 1927; x_wconf 90' lang='lat' dir='ltr'><strong>Initium</strong></span> <span class='ocrx_word' id='word_1_222' title='bbox 553 1884 682 1939; x_wconf 84' lang='lat' dir='ltr'><strong>hujus</strong></span> <span class='ocrx_word' id='word_1_223' title='bbox 721 1884 890 1928; x_wconf 85' lang='lat' dir='ltr'><strong>distichi</strong></span> <span class='ocrx_word' id='word_1_224' title='bbox 921 1885 1196 1943; x_wconf 85' lang='lat' dir='ltr'><strong>Polyphemo,</strong></span> <span class='ocrx_word' id='word_1_225' title='bbox 1238 1899 1323 1931; x_wconf 87' lang='lat' dir='ltr'><strong>non</strong></span> <span class='ocrx_word' id='word_1_226' title='bbox 1354 1888 1482 1932; x_wconf 89' lang='lat' dir='ltr'><strong>Zetho</strong></span> <span class='ocrx_word' id='word_1_227' title='bbox 1523 1888 1594 1932; x_wconf 89' lang='lat' dir='ltr'><strong>vel</strong></span> <span class='ocrx_word' id='word_1_228' title='bbox 1625 1888 1711 1932; x_wconf 87' lang='lat' dir='ltr'><strong>alia</strong></span> <span class='ocrx_word' id='word_1_229' title='bbox 1740 1899 1947 1944; x_wconf 86' lang='lat' dir='ltr'><strong>persona,</strong></span> <span class='ocrx_word' id='word_1_230' title='bbox 1992 1898 2100 1941; x_wconf 87' lang='lat' dir='ltr'><strong>quae</strong></span> <span class='ocrx_word' id='word_1_231' title='bbox 2143 1889 2188 1929; x_wconf 91' lang='lat' dir='ltr'><strong>in</strong></span> <span class='ocrx_word' id='word_1_232' title='bbox 2229 1885 2404 1941; x_wconf 82' lang='lat' dir='ltr'><strong>Antiopa</strong></span> <span class='ocrx_word' id='word_1_233' title='bbox 2443 1886 2640 1929; x_wconf 85' lang='lat' dir='ltr'><strong>videntur</strong></span> 
     </span>
     <span class='ocr_line' id='line_1_22' title="bbox 238 1957 2632 2018; baseline -0 -14"><span class='ocrx_word' id='word_1_234' title='bbox 238 1957 383 2016; x_wconf 80' lang='lat' dir='ltr'><strong>partes</strong></span> <span class='ocrx_word' id='word_1_235' title='bbox 410 1960 639 2016; x_wconf 83' lang='lat' dir='ltr'><strong>habuisse,</strong></span> <span class='ocrx_word' id='word_1_236' title='bbox 671 1967 739 2005; x_wconf 91' lang='lat' dir='ltr'><strong>est</strong></span> <span class='ocrx_word' id='word_1_237' title='bbox 781 1963 964 2018; x_wconf 81' lang='lat' dir='ltr'><strong>dignum.</strong></span> <span class='ocrx_word' id='word_1_238' title='bbox 1007 1961 1096 2004; x_wconf 91' lang='lat' dir='ltr'><strong>Uno</strong></span> <span class='ocrx_word' id='word_1_239' title='bbox 1139 1961 1347 2005; x_wconf 87' lang='lat' dir='ltr'><strong>vocabulo</strong></span> <span class='ocrx_word' id='word_1_240' title='bbox 1385 1962 1606 2006; x_wconf 86' lang='lat' dir='ltr'><strong>emendato</strong></span> <span class='ocrx_word' id='word_1_241' title='bbox 1651 1957 1819 2015; x_wconf 67' lang='grc' dir='ltr'><strong><em>ἔμαθες</em></strong></span> <span class='ocrx_word' id='word_1_242' title='bbox 1860 1960 1967 2005; x_wconf 90' lang='lat' dir='ltr'><strong>haec</strong></span> <span class='ocrx_word' id='word_1_243' title='bbox 1997 1958 2127 2004; x_wconf 85' lang='lat' dir='ltr'><strong>verba</strong></span> <span class='ocrx_word' id='word_1_244' title='bbox 2158 1961 2336 2015; x_wconf 88' lang='lat' dir='ltr'><strong>conjicio</strong></span> <span class='ocrx_word' id='word_1_245' title='bbox 2367 1972 2467 2005; x_wconf 89' lang='lat' dir='ltr'><strong>esse</strong></span> <span class='ocrx_word' id='word_1_246' title='bbox 2499 1959 2632 2016; x_wconf 86' lang='lat' dir='ltr'><strong>Zethi,</strong></span> 
     </span>
     <span class='ocr_line' id='line_1_23' title="bbox 240 2034 2635 2093; baseline 0 -14"><span class='ocrx_word' id='word_1_247' title='bbox 240 2039 334 2092; x_wconf 88' lang='lat' dir='ltr'><strong>qui,</strong></span> <span class='ocrx_word' id='word_1_248' title='bbox 365 2042 588 2093; x_wconf 85' lang='lat' dir='ltr'><strong>postquam</strong></span> <span class='ocrx_word' id='word_1_249' title='bbox 619 2035 794 2092; x_wconf 87' lang='lat' dir='ltr'><strong>Antiopa</strong></span> <span class='ocrx_word' id='word_1_250' title='bbox 826 2048 875 2080; x_wconf 93' lang='lat' dir='ltr'><strong>se</strong></span> <span class='ocrx_word' id='word_1_251' title='bbox 909 2048 1003 2079; x_wconf 89' lang='lat' dir='ltr'><strong>cum</strong></span> <span class='ocrx_word' id='word_1_252' title='bbox 1031 2036 1135 2080; x_wconf 86' lang='lat' dir='ltr'><strong>Jove</strong></span> <span class='ocrx_word' id='word_1_253' title='bbox 1165 2049 1253 2080; x_wconf 93' lang='lat' dir='ltr'><strong>rem</strong></span> <span class='ocrx_word' id='word_1_254' title='bbox 1282 2036 1486 2081; x_wconf 87' lang='lat' dir='ltr'><strong>habuisse</strong></span> <span class='ocrx_word' id='word_1_255' title='bbox 1516 2037 1714 2092; x_wconf 87' lang='lat' dir='ltr'><strong>professa</strong></span> <span class='ocrx_word' id='word_1_256' title='bbox 1746 2041 1836 2091; x_wconf 87' lang='lat' dir='ltr'><strong>est,</strong></span> <span class='ocrx_word' id='word_1_257' title='bbox 1877 2034 2000 2079; x_wconf 84' lang='lat' dir='ltr'><strong>fidem</strong></span> <span class='ocrx_word' id='word_1_258' title='bbox 2038 2039 2078 2079; x_wconf 89' lang='lat' dir='ltr'><strong>ei</strong></span> <span class='ocrx_word' id='word_1_259' title='bbox 2109 2036 2291 2092; x_wconf 86' lang='lat' dir='ltr'><strong>denegat</strong></span> <span class='ocrx_word' id='word_1_260' title='bbox 2321 2042 2363 2079; x_wconf 89' lang='lat' dir='ltr'><strong>et</strong></span> <span class='ocrx_word' id='word_1_261' title='bbox 2391 2047 2530 2079; x_wconf 90' lang='lat' dir='ltr'><strong>mores</strong></span> <span class='ocrx_word' id='word_1_262' title='bbox 2560 2047 2635 2092; x_wconf 91' lang='lat' dir='ltr'><strong>pa-</strong></span> 
     </span>
     <span class='ocr_line' id='line_1_24' title="bbox 239 2110 2637 2168; baseline 0 -15"><span class='ocrx_word' id='word_1_263' title='bbox 239 2122 331 2153; x_wconf 88' lang='lat' dir='ltr'><strong>rum</strong></span> <span class='ocrx_word' id='word_1_264' title='bbox 360 2110 515 2168; x_wconf 88' lang='lat' dir='ltr'><strong>probos</strong></span> <span class='ocrx_word' id='word_1_265' title='bbox 547 2112 935 2167; x_wconf 86' lang='lat' dir='ltr'><strong>immodestiamque</strong></span> <span class='ocrx_word' id='word_1_266' title='bbox 967 2111 1200 2167; x_wconf 83' lang='lat' dir='ltr'><strong>exprobrat.</strong></span> <span class='ocrx_word' id='word_1_267' title='bbox 1266 2111 1325 2154; x_wconf 85' lang='lat' dir='ltr'><strong>Cf.</strong></span> <span class='ocrx_word' id='word_1_268' title='bbox 1372 2111 1574 2167; x_wconf 85' lang='lat' dir='ltr'><strong>Hartung.</strong></span> <span class='ocrx_word' id='word_1_269' title='bbox 1606 2110 1703 2154; x_wconf 89' lang='lat' dir='ltr'><strong>Eur.</strong></span> <span class='ocrx_word' id='word_1_270' title='bbox 1745 2116 1846 2153; x_wconf 90' lang='lat' dir='ltr'><strong>rest.</strong></span> <span class='ocrx_word' id='word_1_271' title='bbox 1880 2113 1921 2153; x_wconf 91' lang='grc'><strong>2.</strong></span> <span class='ocrx_word' id='word_1_272' title='bbox 1963 2123 2003 2166; x_wconf 91' lang='lat' dir='ltr'><strong>p.</strong></span> <span class='ocrx_word' id='word_1_273' title='bbox 2048 2115 2135 2155; x_wconf 86' lang='grc'><strong>242</strong></span> <span class='ocrx_word' id='word_1_274' title='bbox 2167 2118 2207 2155; x_wconf 91' lang='lat' dir='ltr'><strong>et</strong></span> <span class='ocrx_word' id='word_1_275' title='bbox 2237 2112 2436 2166; x_wconf 86' lang='lat' dir='ltr'><strong>Wagner.</strong></span> <span class='ocrx_word' id='word_1_276' title='bbox 2470 2111 2524 2154; x_wconf 87' lang='lat' dir='ltr'><strong>ad</strong></span> <span class='ocrx_word' id='word_1_277' title='bbox 2553 2110 2637 2154; x_wconf 89' lang='lat' dir='ltr'><strong>An·</strong></span> 
     </span>
     <span class='ocr_line' id='line_1_25' title="bbox 235 2185 620 2242; baseline 0.003 -14"><span class='ocrx_word' id='word_1_278' title='bbox 235 2187 338 2241; x_wconf 85' lang='lat' dir='ltr'><strong>tiop.</strong></span> <span class='ocrx_word' id='word_1_279' title='bbox 368 2185 516 2242; x_wconf 81' lang='lat' dir='ltr'><strong>fragm.</strong></span> <span class='ocrx_word' id='word_1_280' title='bbox 552 2189 620 2229; x_wconf 84' lang='grc'><strong>12.</strong></span> 
     </span>
    </p>
   </div>
   <div class='ocr_carea' id='block_1_5' title="bbox 233 2309 2639 2822">
    <p class='ocr_par' dir='ltr' id='par_1_9' title="bbox 520 2309 2317 2530">
     <span class='ocr_line' id='line_1_26' title="bbox 520 2309 2317 2373; baseline 0 -15"><span class='ocrx_word' id='word_1_281' title='bbox 520 2312 629 2358; x_wconf 86' lang='lat' dir='ltr'><strong>XIX.</strong></span> <span class='ocrx_word' id='word_1_282' title='bbox 661 2312 778 2360; x_wconf 89' lang='lat' dir='ltr'><strong>Stob.</strong></span> <span class='ocrx_word' id='word_1_283' title='bbox 809 2313 955 2371; x_wconf 88' lang='lat' dir='ltr'><strong>Eclog.</strong></span> <span class='ocrx_word' id='word_1_284' title='bbox 986 2313 1108 2372; x_wconf 78' lang='lat' dir='ltr'><strong>phys.</strong></span> <span class='ocrx_word' id='word_1_285' title='bbox 1144 2317 1193 2371; x_wconf 88' lang='lat'><strong>1,</strong></span> <span class='ocrx_word' id='word_1_286' title='bbox 1226 2318 1277 2371; x_wconf 88' lang='lat'><strong>4,</strong></span> <span class='ocrx_word' id='word_1_287' title='bbox 1310 2317 1392 2359; x_wconf 88' lang='lat'><strong>25:</strong></span> <span class='ocrx_word' id='word_1_288' title='bbox 1452 2311 1569 2357; x_wconf 80' lang='grc' dir='ltr'><strong><em>Δίκα</em></strong></span> <span class='ocrx_word' id='word_1_289' title='bbox 1598 2327 1669 2357; x_wconf 87' lang='grc' dir='ltr'><strong><em>τοι</em></strong></span> <span class='ocrx_word' id='word_1_290' title='bbox 1698 2313 1815 2358; x_wconf 84' lang='grc' dir='ltr'><strong><em>Δίκα</em></strong></span> <span class='ocrx_word' id='word_1_291' title='bbox 1843 2312 2042 2373; x_wconf 83' lang='grc' dir='ltr'><strong><em>χρόνιος·</em></strong></span> <span class='ocrx_word' id='word_1_292' title='bbox 2072 2309 2166 2356; x_wconf 79' lang='grc' dir='ltr'><strong><em>ἄλλ’</em></strong></span> <span class='ocrx_word' id='word_1_293' title='bbox 2198 2309 2317 2369; x_wconf 75' lang='grc' dir='ltr'><strong><em>ὅμως</em></strong></span> 
     </span>
     <span class='ocr_line' id='line_1_27' title="bbox 923 2383 1616 2452; baseline 0.003 -20"><span class='ocrx_word' id='word_1_294' title='bbox 923 2383 1087 2434; x_wconf 69' lang='grc' dir='ltr'><strong><em>ἔλαθεν</em></strong></span> <span class='ocrx_word' id='word_1_295' title='bbox 1113 2384 1371 2441; x_wconf 75' lang='grc' dir='ltr'><strong><em>ὕποπεσέσ’,</em></strong></span> <span class='ocrx_word' id='word_1_296' title='bbox 1400 2383 1509 2434; x_wconf 81' lang='grc' dir='ltr'><strong><em>ὅταν</em></strong></span> <span class='ocrx_word' id='word_1_297' title='bbox 1539 2385 1616 2452; x_wconf 72' lang='grc' dir='ltr'><strong>ἔχῃ</strong></span> 
     </span>
     <span class='ocr_line' id='line_1_28' title="bbox 684 2460 1680 2530; baseline 0.005 -22"><span class='ocrx_word' id='word_1_298' title='bbox 684 2526 690 2530; x_wconf 35' lang='grc'><strong>-</strong></span> <span class='ocrx_word' id='word_1_299' title='bbox 922 2465 1004 2509; x_wconf 87' lang='grc' dir='ltr'><strong><em>τιν’</em></strong></span> <span class='ocrx_word' id='word_1_300' title='bbox 1034 2460 1179 2525; x_wconf 73' lang='grc' dir='ltr'><strong><em>ἀσεβῆ</em></strong></span> <span class='ocrx_word' id='word_1_301' title='bbox 1205 2466 1388 2525; x_wconf 80' lang='grc' dir='ltr'><strong><em>βροτῶν.</em></strong></span> <span class='ocrx_word' id='word_1_302' title='bbox 1451 2465 1520 2518; x_wconf 81' lang='grc' dir='ltr'><strong>(Ν.</strong></span> <span class='ocrx_word' id='word_1_303' title='bbox 1553 2469 1680 2521; x_wconf 90' lang='grc'><strong>220.)</strong></span> 
     </span>
    </p>

    <p class='ocr_par' dir='ltr' id='par_1_10' title="bbox 233 2535 2639 2822">
     <span class='ocr_line' id='line_1_29' title="bbox 343 2535 2630 2604; baseline 0.001 -21"><span class='ocrx_word' id='word_1_304' title='bbox 343 2535 457 2596; x_wconf 68' lang='lat' dir='ltr'><strong>”Exn</strong></span> <span class='ocrx_word' id='word_1_305' title='bbox 488 2552 625 2596; x_wconf 88' lang='lat' dir='ltr'><strong>neque</strong></span> <span class='ocrx_word' id='word_1_306' title='bbox 656 2543 756 2584; x_wconf 90' lang='lat' dir='ltr'><strong>usui</strong></span> <span class='ocrx_word' id='word_1_307' title='bbox 786 2545 948 2604; x_wconf 90' lang='lat' dir='ltr'><strong>tragico</strong></span> <span class='ocrx_word' id='word_1_308' title='bbox 978 2553 1115 2603; x_wconf 87' lang='lat' dir='ltr'><strong>neque</strong></span> <span class='ocrx_word' id='word_1_309' title='bbox 1147 2545 1296 2586; x_wconf 86' lang='lat' dir='ltr'><strong>sensui</strong></span> <span class='ocrx_word' id='word_1_310' title='bbox 1324 2546 1464 2599; x_wconf 73' lang='lat' dir='ltr'><strong>aptiuu</strong></span> <span class='ocrx_word' id='word_1_311' title='bbox 1495 2547 1565 2586; x_wconf 89' lang='lat' dir='ltr'><strong>est</strong></span> <span class='ocrx_word' id='word_1_312' title='bbox 1595 2541 1902 2587; x_wconf 87' lang='lat' dir='ltr'><strong>emendandum</strong></span> <span class='ocrx_word' id='word_1_313' title='bbox 1941 2535 2017 2601; x_wconf 77' lang='grc' dir='ltr'><strong><em>ἕλῃ</em></strong></span> <span class='ocrx_word' id='word_1_314' title='bbox 2056 2539 2153 2584; x_wconf 88' lang='lat' dir='ltr'><strong>coll.</strong></span> <span class='ocrx_word' id='word_1_315' title='bbox 2185 2538 2284 2584; x_wconf 90' lang='lat' dir='ltr'><strong>Eur.</strong></span> <span class='ocrx_word' id='word_1_316' title='bbox 2315 2538 2482 2583; x_wconf 87' lang='lat' dir='ltr'><strong>Heracl.</strong></span> <span class='ocrx_word' id='word_1_317' title='bbox 2527 2541 2630 2583; x_wconf 83' lang='lat'><strong>941.</strong></span> 
     </span>
     <span class='ocr_line' id='line_1_30' title="bbox 233 2606 2633 2673; baseline 0 -17"><span class='ocrx_word' id='word_1_318' title='bbox 233 2606 325 2654; x_wconf 79' lang='grc' dir='ltr'><strong><em>εἷλέ</em></strong></span> <span class='ocrx_word' id='word_1_319' title='bbox 354 2614 394 2655; x_wconf 92' lang='grc' dir='ltr'><strong>σ’</strong></span> <span class='ocrx_word' id='word_1_320' title='bbox 414 2607 453 2670; x_wconf 61' lang='grc' dir='ltr'><strong>’ἦ</strong></span> <span class='ocrx_word' id='word_1_321' title='bbox 483 2612 595 2671; x_wconf 78' lang='grc' dir='ltr'><em>Δίκη</em></span> <span class='ocrx_word' id='word_1_322' title='bbox 635 2611 793 2672; x_wconf 81' lang='grc' dir='ltr'><strong><em>χρόνῳ.</em></strong></span> <span class='ocrx_word' id='word_1_323' title='bbox 853 2616 981 2673; x_wconf 90' lang='lat' dir='ltr'><strong>Soph.</strong></span> <span class='ocrx_word' id='word_1_324' title='bbox 1012 2616 1146 2661; x_wconf 87' lang='lat' dir='ltr'><strong>Elect.</strong></span> <span class='ocrx_word' id='word_1_325' title='bbox 1179 2618 1292 2661; x_wconf 82' lang='lat'>928:</span> <span class='ocrx_word' id='word_1_326' title='bbox 1323 2612 1353 2673; x_wconf 83' lang='grc' dir='ltr'><em>ἦ</em></span> <span class='ocrx_word' id='word_1_327' title='bbox 1380 2612 1463 2672; x_wconf 75' lang='grc' dir='ltr'><strong><em>γὰρ</em></strong></span> <span class='ocrx_word' id='word_1_328' title='bbox 1491 2615 1606 2672; x_wconf 82' lang='grc' dir='ltr'><em>Δίκη</em></span> <span class='ocrx_word' id='word_1_329' title='bbox 1637 2629 1702 2657; x_wconf 92' lang='grc' dir='ltr'><strong>νιν</strong></span> <span class='ocrx_word' id='word_1_330' title='bbox 1732 2609 1870 2664; x_wconf 83' lang='grc' dir='ltr'><strong><em>εἶλεν,</em></strong></span> <span class='ocrx_word' id='word_1_331' title='bbox 1902 2615 2012 2670; x_wconf 82' lang='lat' dir='ltr'><strong>quod</strong></span> <span class='ocrx_word' id='word_1_332' title='bbox 2041 2615 2154 2671; x_wconf 85' lang='lat' dir='ltr'><strong>apud</strong></span> <span class='ocrx_word' id='word_1_333' title='bbox 2183 2613 2301 2659; x_wconf 86' lang='lat' dir='ltr'><strong>Stob.</strong></span> <span class='ocrx_word' id='word_1_334' title='bbox 2331 2613 2478 2670; x_wconf 89' lang='lat' dir='ltr'><strong>Eclog.</strong></span> <span class='ocrx_word' id='word_1_335' title='bbox 2508 2613 2633 2671; x_wconf 82' lang='lat' dir='ltr'><strong>phys.</strong></span> 
     </span>
     <span class='ocr_line' id='line_1_31' title="bbox 240 2680 2639 2749; baseline -0.001 -19"><span class='ocrx_word' id='word_1_336' title='bbox 240 2689 261 2730; x_wconf 96' lang='lat'><strong>1</strong></span> <span class='ocrx_word' id='word_1_337' title='bbox 279 2721 290 2742; x_wconf 87' lang='lat'>‚</span> <span class='ocrx_word' id='word_1_338' title='bbox 323 2691 350 2731; x_wconf 89' lang='lat'><strong>4</strong></span> <span class='ocrx_word' id='word_1_339' title='bbox 368 2722 380 2744; x_wconf 89' lang='lat'>,</span> <span class='ocrx_word' id='word_1_340' title='bbox 412 2691 466 2732; x_wconf 91' lang='grc'><strong>21</strong></span> <span class='ocrx_word' id='word_1_341' title='bbox 501 2689 652 2734; x_wconf 83' lang='lat' dir='ltr'><strong>fortius</strong></span> <span class='ocrx_word' id='word_1_342' title='bbox 684 2690 839 2735; x_wconf 85' lang='lat' dir='ltr'><strong>dictum</strong></span> <span class='ocrx_word' id='word_1_343' title='bbox 871 2698 938 2736; x_wconf 85' lang='lat' dir='ltr'><strong>est</strong></span> <span class='ocrx_word' id='word_1_344' title='bbox 967 2687 996 2749; x_wconf 83' lang='grc' dir='ltr'><strong><em>ἦ</em></strong></span> <span class='ocrx_word' id='word_1_345' title='bbox 1025 2689 1286 2749; x_wconf 82' lang='grc' dir='ltr'><strong><em>Δίκη-σῖγα</em></strong></span> <span class='ocrx_word' id='word_1_346' title='bbox 1316 2688 1389 2732; x_wconf 81' lang='grc' dir='ltr'><strong><em>καὶ</em></strong></span> <span class='ocrx_word' id='word_1_347' title='bbox 1426 2687 1591 2747; x_wconf 82' lang='grc' dir='ltr'><strong><em>βραδεῖ</em></strong></span> <span class='ocrx_word' id='word_1_348' title='bbox 1626 2686 1736 2732; x_wconf 83' lang='grc' dir='ltr'><strong><em>ποδὶ</em></strong></span> <span class='ocrx_word' id='word_1_349' title='bbox 1777 2687 1985 2740; x_wconf 63' lang='grc' dir='ltr'><strong><em>στείχθσα</em></strong></span> <span class='ocrx_word' id='word_1_350' title='bbox 2022 2685 2195 2746; x_wconf 82' lang='grc' dir='ltr'><strong><em>μάρψει</em></strong></span> <span class='ocrx_word' id='word_1_351' title='bbox 2235 2684 2315 2739; x_wconf 79' lang='grc' dir='ltr'><strong>τὲς</strong></span> <span class='ocrx_word' id='word_1_352' title='bbox 2345 2685 2482 2738; x_wconf 70' lang='grc' dir='ltr'><strong><em>κακὲς</em></strong></span> <span class='ocrx_word' id='word_1_353' title='bbox 2524 2680 2639 2731; x_wconf 78' lang='grc' dir='ltr'><strong><em>ὅταν</em></strong></span> 
     </span>
     <span class='ocr_line' id='line_1_32' title="bbox 233 2758 353 2822; baseline 0.017 -20"><span class='ocrx_word' id='word_1_354' title='bbox 233 2758 353 2822; x_wconf 83' lang='grc' dir='ltr'><strong>τύχῃ.</strong></span> 
     </span>
    </p>
   </div>
   <div class='ocr_carea' id='block_1_6' title="bbox 212 2895 2647 3270">
    <p class='ocr_par' dir='ltr' id='par_1_11' title="bbox 212 2895 2647 3270">
     <span class='ocr_line' id='line_1_33' title="bbox 519 2895 2067 2968; baseline -0.005 -13"><span class='ocrx_word' id='word_1_355' title='bbox 519 2909 608 2955; x_wconf 88' lang='grc' dir='ltr'><strong>ΧΧ.</strong></span> <span class='ocrx_word' id='word_1_356' title='bbox 641 2909 757 2956; x_wconf 86' lang='lat' dir='ltr'><strong>Stob.</strong></span> <span class='ocrx_word' id='word_1_357' title='bbox 790 2911 897 2957; x_wconf 85' lang='lat' dir='ltr'><strong>Flor.</strong></span> <span class='ocrx_word' id='word_1_358' title='bbox 929 2895 1095 2968; x_wconf 68' lang='lat'>85,&#39;2:</span> <span class='ocrx_word' id='word_1_359' title='bbox 1131 2908 1267 2954; x_wconf 86' lang='grc' dir='ltr'><strong><em>Τοιάν</em></strong></span> <span class='ocrx_word' id='word_1_360' title='bbox 1297 2909 1349 2954; x_wconf 82' lang='grc' dir='ltr'><strong>δε</strong></span> <span class='ocrx_word' id='word_1_361' title='bbox 1376 2905 1458 2967; x_wconf 79' lang='grc' dir='ltr'><strong><em>χρὴ</em></strong></span> <span class='ocrx_word' id='word_1_362' title='bbox 1487 2906 1654 2964; x_wconf 76' lang='grc' dir='ltr'><strong><em>γυναικὶ</em></strong></span> <span class='ocrx_word' id='word_1_363' title='bbox 1680 2905 1937 2966; x_wconf 84' lang='grc' dir='ltr'><strong><em>πρόσπολον</em></strong></span> <span class='ocrx_word' id='word_1_364' title='bbox 1965 2903 2067 2956; x_wconf 76' lang='grc' dir='ltr'><strong><em>ἐᾶν,</em></strong></span> 
     </span>
     <span class='ocr_line' id='line_1_34' title="bbox 920 2977 1776 3044; baseline -0.006 -15"><span class='ocrx_word' id='word_1_365' title='bbox 920 2981 1016 3044; x_wconf 76' lang='grc' dir='ltr'><strong><em>ἥτις</em></strong></span> <span class='ocrx_word' id='word_1_366' title='bbox 1044 2983 1098 3030; x_wconf 85' lang='grc' dir='ltr'><strong>τὸ</strong></span> <span class='ocrx_word' id='word_1_367' title='bbox 1127 2984 1209 3041; x_wconf 83' lang='grc' dir='ltr'><strong>μὲν</strong></span> <span class='ocrx_word' id='word_1_368' title='bbox 1240 2983 1413 3028; x_wconf 81' lang='grc' dir='ltr'><strong><em>δίκαιον</em></strong></span> <span class='ocrx_word' id='word_1_369' title='bbox 1440 2977 1493 3026; x_wconf 85' lang='grc' dir='ltr'><strong>οὗ</strong></span> <span class='ocrx_word' id='word_1_370' title='bbox 1524 2981 1776 3043; x_wconf 78' lang='grc' dir='ltr'><strong><em>σιγήσεται,</em></strong></span> 
     </span>
     <span class='ocr_line' id='line_1_35' title="bbox 918 3053 2317 3120; baseline -0.001 -17"><span class='ocrx_word' id='word_1_371' title='bbox 918 3059 977 3103; x_wconf 84' lang='grc' dir='ltr'><strong>τά</strong></span> <span class='ocrx_word' id='word_1_372' title='bbox 1008 3061 1048 3103; x_wconf 87' lang='grc' dir='ltr'><strong>τ’</strong></span> <span class='ocrx_word' id='word_1_373' title='bbox 1079 3057 1247 3120; x_wconf 76' lang='grc' dir='ltr'><strong><em>αῖσχροὲ</em></strong></span> <span class='ocrx_word' id='word_1_374' title='bbox 1281 3060 1401 3115; x_wconf 85' lang='grc' dir='ltr'><strong><em>μισεῖ</em></strong></span> <span class='ocrx_word' id='word_1_375' title='bbox 1430 3058 1502 3102; x_wconf 81' lang='grc' dir='ltr'><strong><em>καὶ</em></strong></span> <span class='ocrx_word' id='word_1_376' title='bbox 1531 3060 1625 3102; x_wconf 80' lang='grc' dir='ltr'><strong><em>κατ’</em></strong></span> <span class='ocrx_word' id='word_1_377' title='bbox 1657 3054 1896 3117; x_wconf 70' lang='grc' dir='ltr'><strong><em>ὅφθαλμὲς</em></strong></span> <span class='ocrx_word' id='word_1_378' title='bbox 1925 3053 2024 3110; x_wconf 77' lang='grc' dir='ltr'><strong><em>ἔχει.</em></strong></span> <span class='ocrx_word' id='word_1_379' title='bbox 2086 3056 2156 3111; x_wconf 82' lang='grc' dir='ltr'><strong>(Ν.</strong></span> <span class='ocrx_word' id='word_1_380' title='bbox 2190 3059 2317 3109; x_wconf 84' lang='grc'><strong>408.)</strong></span> 
     </span>
     <span class='ocr_line' id='line_1_36' title="bbox 212 3129 2636 3201; baseline -0.001 -20"><span class='ocrx_word' id='word_1_381' title='bbox 212 3129 223 3139; x_wconf 84' lang='grc'><strong>“</strong></span> <span class='ocrx_word' id='word_1_382' title='bbox 317 3195 322 3201; x_wconf 23' lang='lat'><strong>¹</strong></span> <span class='ocrx_word' id='word_1_383' title='bbox 352 3135 518 3182; x_wconf 87' lang='lat' dir='ltr'><strong>Primus</strong></span> <span class='ocrx_word' id='word_1_384' title='bbox 548 3150 702 3183; x_wconf 85' lang='lat' dir='ltr'><strong>versus</strong></span> <span class='ocrx_word' id='word_1_385' title='bbox 732 3135 879 3183; x_wconf 86' lang='lat' dir='ltr'><strong>ultima</strong></span> <span class='ocrx_word' id='word_1_386' title='bbox 909 3137 1011 3182; x_wconf 89' lang='lat' dir='ltr'><strong>sede</strong></span> <span class='ocrx_word' id='word_1_387' title='bbox 1042 3139 1216 3197; x_wconf 89' lang='lat' dir='ltr'><strong>requirit</strong></span> <span class='ocrx_word' id='word_1_388' title='bbox 1244 3135 1442 3198; x_wconf 85' lang='lat' dir='ltr'><strong>verbum,</strong></span> <span class='ocrx_word' id='word_1_389' title='bbox 1485 3137 1599 3192; x_wconf 83' lang='lat' dir='ltr'><strong>quod</strong></span> <span class='ocrx_word' id='word_1_390' title='bbox 1640 3148 1667 3181; x_wconf 89' lang='lat' dir='ltr'><strong>a</strong></span> <span class='ocrx_word' id='word_1_391' title='bbox 1709 3139 1970 3181; x_wconf 88' lang='lat' dir='ltr'><strong>consonante</strong></span> <span class='ocrx_word' id='word_1_392' title='bbox 2002 3130 2172 3191; x_wconf 87' lang='lat' dir='ltr'><strong>incipit,</strong></span> <span class='ocrx_word' id='word_1_393' title='bbox 2217 3139 2261 3177; x_wconf 89' lang='lat' dir='ltr'><strong>et</strong></span> <span class='ocrx_word' id='word_1_394' title='bbox 2302 3132 2385 3178; x_wconf 88' lang='lat' dir='ltr'><strong>hoc</strong></span> <span class='ocrx_word' id='word_1_395' title='bbox 2416 3136 2636 3178; x_wconf 79' lang='lat' dir='ltr'><strong>invenisse</strong></span> 
     </span>
     <span class='ocr_line' id='line_1_37' title="bbox 231 3199 2647 3270; baseline -0.001 -17"><span class='ocrx_word' id='word_1_396' title='bbox 231 3208 333 3254; x_wconf 85' lang='lat' dir='ltr'><strong>mihi</strong></span> <span class='ocrx_word' id='word_1_397' title='bbox 361 3203 508 3259; x_wconf 63' lang='lat' dir='ltr'><strong>videor</strong></span> <span class='ocrx_word' id='word_1_398' title='bbox 536 3199 769 3270; x_wconf 80' lang='lat' dir='ltr'><strong>conjiciens</strong></span> <span class='ocrx_word' id='word_1_399' title='bbox 797 3207 966 3262; x_wconf 84' lang='grc' dir='ltr'><strong><em>πέλειν,</em></strong></span> <span class='ocrx_word' id='word_1_400' title='bbox 996 3215 1041 3258; x_wconf 88' lang='lat' dir='ltr'><strong>in</strong></span> <span class='ocrx_word' id='word_1_401' title='bbox 1071 3214 1194 3268; x_wconf 88' lang='lat' dir='ltr'><strong>cujus</strong></span> <span class='ocrx_word' id='word_1_402' title='bbox 1221 3206 1363 3258; x_wconf 82' lang='lat' dir='ltr'><strong>¹loctun</strong></span> <span class='ocrx_word' id='word_1_403' title='bbox 1393 3211 1542 3270; x_wconf 88' lang='lat' dir='ltr'><strong>glossa</strong></span> <span class='ocrx_word' id='word_1_404' title='bbox 1570 3205 1705 3263; x_wconf 84' lang='grc' dir='ltr'><strong><em>εἶναι,</em></strong></span> <span class='ocrx_word' id='word_1_405' title='bbox 1734 3216 1824 3256; x_wconf 88' lang='lat' dir='ltr'><strong>tum</strong></span> <span class='ocrx_word' id='word_1_406' title='bbox 1853 3205 1932 3253; x_wconf 71' lang='grc' dir='ltr'><strong>ἐᾶν</strong></span> <span class='ocrx_word' id='word_1_407' title='bbox 1961 3212 2190 3256; x_wconf 87' lang='lat' dir='ltr'><strong>successit.</strong></span> <span class='ocrx_word' id='word_1_408' title='bbox 2639 3200 2647 3208; x_wconf 81' lang='lat'><strong><em>‘</em></strong></span> 
     </span>
    </p>
   </div>
   <div class='ocr_carea' id='block_1_7' title="bbox 2738 3677 3009 3830">
    <p class='ocr_par' dir='ltr' id='par_1_12' title="bbox 2738 3677 3009 3830">
     <span class='ocr_line' id='line_1_38' title="bbox 2738 3677 3009 3830; baseline 0 0"><span class='ocrx_word' id='word_1_409' title='bbox 2738 3677 3009 3830; x_wconf 95' lang='lat' dir='ltr'><strong> </strong></span> 
     </span>
    </p>
   </div>
  </div>
 </body>
</html>
