3009 3830
2464 0 2497 27 l
2569 0 2581 7 ⁹
2647 14 2672 43 δ
2716 25 2724 31 ,

2611 45 2705 112 ,κ

1477 195 1511 243 6
2620 145 2658 198 ξ

289 341 463 373 versum
493 327 660 373 illatum
688 338 792 372 esse
824 331 882 380 et,
914 328 956 369 si
987 325 1157 380 quidem
1186 324 1290 370 licet
1318 323 1517 369 lacunam
1548 325 1718 382 explere
1732 358 1746 382 ,
1776 323 1996 383 expulisse
2020 321 2163 369 πόσιν
2190 319 2267 368 ἑὸν
2293 327 2505 382 suwor.
2567 326 2724 375 com

290 403 463 450 neliam
494 402 800 459 Agamemnoni
830 399 886 444 ab
915 410 1048 443 uxore
1079 398 1238 444 factam
1268 410 1368 443 esse
1386 397 1538 456 plorat,
1559 406 1607 445 ut
1629 412 1684 446 ex
1702 399 1848 445 ultis
1865 402 2130 457 argumentis
2159 410 2301 457 panca
2316 399 2518 457 affetum,
2545 399 2721 459 Elem

289 475 430 523 otest.
464 480 535 521 17.
574 470 761 533 Ατρέως
790 469 917 517 ‹is-ci
933 468 1127 523 κλεινὸς,
1154 469 1197 516 εἰ
1226 469 1284 530 δὴ
1306 470 1474 524 κλεινὸς
1503 471 1779 530 Αγαμέμνων
1794 469 1884 532 ἔφυ
1910 479 1954 519 et
1982 476 2029 519 in
2060 476 2302 532 eogmnimi
2325 472 2553 532 Sophoclis
2567 475 2724 524 ’Μ

288 565 332 598 v.
365 553 438 598 98.
468 551 545 597 ubi
573 549 793 596 adulteros
823 550 928 596 &eit
955 547 1286 606 Agamemnonis
1319 552 1445 604 caput
1476 553 1619 595 securi
1650 550 1886 607 cecidisse,
1918 542 2042 601 ὅπως
2071 547 2181 608 δρῦν
2201 545 2429 605 ὑλοτόμοι.
2485 549 2540 595 ln
2567 551 2721 597 endem

290 626 441 674 fabula
471 640 512 671 v.
545 627 648 671 486.
682 624 839 670 chorus
872 624 1049 670 caedem
1079 624 1174 680 ejus
1206 620 1455 676 αἰσχίσταις
1485 620 1534 667 ἐν
1563 622 1727 678 αἰκίαις
1756 625 1914 672 factam
1958 636 2059 671 esse
2102 631 2265 671 censet.
2343 625 2606 672 Contumelia
2634 630 2721 672 oci-

289 703 394 748 licet
424 702 503 747 illa
535 713 631 746 cum
661 704 709 745 in
741 699 908 744 scelere
940 700 1302 757 Clytaemnestrae
1335 700 1555 757 conjugiS‚
1585 706 1674 745 tum
1704 704 1750 746 in
1781 700 1878 746 dolo
1910 706 1978 746 est
2006 703 2161 760 posita,
2194 712 2320 758 quem
2348 700 2586 760 Aeschylus
2617 701 2720 748 dicit

293 779 393 824 cho.
428 781 528 821 617.
568 772 892 831 γυναικοβέλθς
919 771 1113 832 μήτιδας
1142 775 1316 829 φρενῶν
1344 770 1410 816 ἐπ’
1442 768 1571 832 ἀνδρὶ
1599 773 1901 835 τευχεσφόρῳ.

410 852 488 896 His
519 852 729 897 accedant
759 857 848 894 tres
878 848 963 893 loci
995 861 1047 893 ex
1078 847 1282 905 Aeschyli
1311 850 1559 905 tragoediis,

583 975 629 1019 A.
661 973 813 1019 Aesch.
844 974 981 1018 Prom.
1017 974 1117 1018 186.
1181 965 1266 1015 Οἷδ
1278 971 1289 989 ’
1321 966 1392 1016 ὅτι
1421 972 1586 1030 τραχὺς
1617 974 1691 1017 καί
1721 974 1814 1032 παῤ
1843 970 1990 1033 ἑαυτῷ

988 1044 1044 1090 τὸ
1075 1045 1251 1090 δίκαιον
1281 1042 1390 1100 ἔχων
1419 1047 1559 1099 Ζεύς·
1588 1044 1723 1091 Α’λλ’
1756 1045 1901 1105 ἔμπας
1931 1050 2011 1094 οἴω

989 1118 1347 1178 μαλακογνώμων

988 1191 1118 1239 ἔσται
1145 1197 1271 1248 ποθ’,
1301 1191 1410 1240 ὅταν
1438 1195 1581 1258 ταύτῃ
1614 1195 1795 1257 ῥαίσθῇ.

414 1271 600 1317 Fuerunt
631 1275 703 1328 qui
731 1284 774 1317 v.
807 1274 849 1316 2.
881 1273 1000 1316 varie
1033 1275 1298 1329 corrigentes
1328 1275 1510 1316 retinere
1539 1272 1702 1317 vellent
1732 1270 1839 1321 οἴω,
1870 1271 2048 1317 formam
2077 1274 2226 1319 Atticis
2258 1277 2426 1318 omnino
2466 1284 2552 1317 non
2581 1275 2716 1318 usita-

291 1351 393 1390 tam.
455 1347 723 1391 Wieselerus
751 1346 926 1402 Ephem.
958 1345 1134 1389 Halens.
1169 1349 1298 1390 1845.
1330 1360 1369 1402 p.
1405 1350 1505 1390 102.
1566 1345 1685 1396 Ζεύς
1725 1346 1918 1402 glossam
1948 1359 2050 1392 esse
2081 1349 2212 1405 vidit,
2245 1360 2371 1404 quam
2401 1349 2532 1403 adjici
2561 1360 2715 1394 neces-

293 1425 455 1465 sarium
486 1425 634 1477 opinor
664 1424 805 1464 visum
836 1426 904 1464 est
944 1424 1185 1478 interpreti,
1228 1424 1297 1465 cui
1335 1422 1390 1465 ad
1428 1424 1776 1478 perspicuitatem
1814 1424 2040 1479 orationiS,
2084 1434 2194 1479 quae
2238 1435 2279 1468 v.
2314 1423 2414 1469 185.
2444 1423 2719 1482 praecedunt,

293 1490 402 1552 κέαρ
432 1489 737 1552 ἀπαράμυθον
766 1490 854 1549 ἔχει
882 1491 1039 1553 Κρόνε
1067 1496 1199 1548 παῖς,
1229 1507 1316 1542 non
1337 1496 1596 1541 sufficerent.
1658 1496 1858 1543 Fortasse
1891 1503 1959 1543 est
1989 1498 2297 1544 emendandum
2328 1495 2424 1541 ἀλλ’
2454 1491 2539 1541 οἶδ’
2565 1492 2720 1553 ἔμπας.

291 1571 410 1616 Idem
440 1571 617 1616 verbum
648 1574 802 1629 exiguo
832 1571 1058 1617 intervallo
1089 1575 1314 1631 repetitum
1343 1571 1543 1631 Aeschyli
1573 1571 1775 1618 lectorem
1806 1585 1893 1619 non
1924 1573 2124 1620 offendet.

579 1694 628 1741 B.
660 1695 813 1741 Aesch.
845 1695 963 1754 Sept.
995 1698 1101 1742 814.
1154 1689 1214 1739 Ὦ
1254 1691 1437 1750 μέλαινα
1469 1696 1542 1739 καί
1570 1697 1719 1742 τελεία

990 1769 1141 1830 γένεος
1168 1771 1333 1817 Οἶδίπε
1360 1777 1399 1816 τ’
1431 1770 1547 1832 ἆρὰ,

993 1845 1131 1893 κακόν
1158 1862 1216 1903 με
1246 1847 1431 1905 καρδίαν
1459 1864 1503 1891 τι
1532 1848 1779 1905 περιπιτνεῒ
1805 1845 1950 1904 κρύος.

412 1917 548 1973 Quum
589 1920 779 1965 viderem
824 1915 914 1979 ἆρὰ
955 1924 1069 1979 apud
1097 1927 1286 1980 tragicos
1318 1935 1411 1967 cum
1441 1926 1653 1979 genitivo,
1693 1933 1818 1977 quem
1857 1925 2014 1965 vocant
2055 1920 2212 1976 objecti
2241 1919 2313 1964 vel
2354 1932 2449 1964 cum
2481 1923 2707 1978 adjectivo,

292 1994 405 2049 quod
437 1996 532 2049 ejus
575 1994 718 2040 locum
756 2001 799 2041 et
837 2000 923 2042 vim
952 2004 1123 2055 teneat,
1167 2011 1379 2055 nunquam
1411 2000 1640 2053 conjungi,
1685 2002 1728 2040 et
1767 1998 1920 2040 diras
1960 2009 1986 2040 a
2026 2007 2229 2052 genere
2268 2000 2317 2040 et
2348 1992 2553 2053 Oedipo
2583 1995 2713 2042 vela

291 2079 497 2124 genere
541 2067 744 2128 Oedipi
788 2074 980 2118 dictas
1018 2087 1167 2132 pamm
1195 2082 1311 2119 recte
1343 2076 1425 2119 dici
1455 2087 1607 2131 posse,
1641 2075 1806 2127 conjeci
1838 2073 2109 2118 scribendum
2141 2085 2241 2117 esse
2284 2066 2494 2123 Πέλοπος
2548 2069 2716 2117 oluere

287 2144 327 2184 τ’
360 2137 462 2200 ἆρά.
522 2145 681 2204 Pelops
713 2150 825 2192 enim
855 2154 1027 2206 propter
1057 2149 1333 2208 Chrysippum
1364 2163 1390 2194 a
1420 2150 1520 2194 Laio
1550 2156 1735 2205 raptum,
1770 2149 1922 2192 deinde
1955 2146 2141 2204 Oedipus
2171 2151 2306 2192 iratus
2337 2147 2439 2192 filiis
2463 2151 2556 2192 suis
2582 2154 2716 2194 totum

287 2215 514 2263 Laidarum
545 2232 686 2277 genus
726 2224 1071 2270 execrationibus
1110 2227 1396 2284 perdiderunt.
1457 2226 1684 2268 Praeterea
1715 2235 1801 2267 non
1833 2235 1937 2267 casu
1971 2223 2129 2267 factum
2162 2224 2434 2279 crediderim,
2478 2229 2527 2267 ut
2568 2227 2612 2267 in
2651 2236 2718 2268 ar-

288 2299 490 2348 gumento
522 2295 553 2339 i.
584 2296 715 2351 hujus
746 2298 921 2343 fabulae
952 2312 994 2356 p.
1027 2301 1100 2343 89.
1131 2299 1259 2344 Well.
1293 2300 1388 2343 coll.
1428 2299 1529 2343 Eur.
1573 2299 1734 2342 Phoen.
1776 2311 1937 2354 argum.
1980 2311 2017 2341 e.
2059 2299 2152 2341 cod.
2185 2298 2322 2342 Guelf.
2356 2299 2568 2356 descripto
2599 2313 2639 2356 p.
2674 2304 2715 2344 5.

289 2367 356 2410 ed.
389 2367 527 2413 Herm.
563 2368 786 2429 chrysippi
816 2378 966 2430 raptus
999 2379 1041 2418 et
1072 2385 1182 2430 quae
1213 2375 1311 2419 inde
1344 2376 1586 2428 evenerint,
1619 2372 1770 2416 sedula
1803 2384 1898 2416 cum
1929 2371 2153 2429 diligentia
2184 2375 2241 2416 sit
2272 2376 2521 2431 expositum.

579 2493 623 2537 C.
653 2494 807 2540 Aesch.
840 2496 975 2554 Suppl
1007 2500 1080 2543 66.
1144 2494 1239 2547 Τιὺς
1269 2496 1340 2539 καὶ
1370 2492 1452 2551 ἐγώ
1482 2492 1752 2553 φιλόδυρτος
1774 2490 2006 2539 Ἰαονίοισι
2034 2492 2213 2551 νόμοισι

989 2570 1149 2614 δάπτω
1176 2568 1260 2613 τὰν
1290 2569 1468 2614 ἁπαλὰν
1496 2570 1731 2628 νειλοθερῆ
1757 2567 1948 2628 παρειὰν

987 2641 1318 2705 ὧτειρόδακρύν
1345 2661 1394 2690 τε
1425 2643 1622 2704 καρδίαν.

408 2711 639 2760 Schiitzius
685 2710 918 2762 Ἰαονίοισι
969 2715 1152 2773 νόμοισι
1201 2723 1365 2775 putavit
1412 2716 1467 2763 τὸ
1507 2716 1734 2777 γλαφυρὸν
1770 2721 1859 2763 τῶν
1905 2716 2057 2774 νόμων
2098 2716 2365 2776 significare,
2413 2722 2461 2762 ut
2503 2717 2720 2763 Lucianus

283 2783 469 2845 Phrygio
500 2793 624 2837 modo
654 2787 710 2837 τὸ
739 2787 922 2850 ἔνθεον,
953 2793 1085 2852 Lydio
1107 2789 1164 2839 τὸ
1191 2790 1415 2849 βακχικὸν,
1445 2793 1572 2840 Dorio
1594 2791 1649 2839 τὰ
1682 2791 1846 2850 σεμνὸν
1868 2795 2027 2840 tribuit.
2088 2792 2181 2839 Non
2208 2790 2429 2851 probabile
2455 2796 2523 2838 est
2544 2791 2718 2837 chorum

286 2873 394 2909 suos
423 2867 573 2914 modos
604 2872 740 2916 scitos
770 2869 842 2916 vel
873 2869 1100 2928 elegantes
1129 2869 1202 2916 vel
1239 2869 1392 2916 molles
1430 2871 1586 2916 dicere.
1659 2868 1903 2927 StanleiuS,
1945 2873 1993 2914 ut
2030 2867 2311 2924 scholiasteS,
2346 2878 2530 2924 graecos
2566 2867 2717 2912 modos

285 2939 519 2999 intellexit,
549 2947 664 3000 quod
694 2946 862 2992 duabus
912 2948 967 2994 de
1021 2948 1170 2992 causis
1210 2957 1297 2990 non
1345 2949 1452 2990 satis
1500 2945 1657 3003 placet.
1717 2942 1823 2988 Nam
1871 2942 1947 2988 ubi
1996 2942 2233 3000 Aeschylus
2275 2945 2321 2987 in
2373 2943 2520 2987 Persis
2579 2943 2716 2988 Jones

287 3026 366 3072 pro
410 3017 584 3064 Graecis
623 3022 792 3066 videtur
820 3025 1024 3079 posuisse
1039 3055 1052 3079 ,
1090 3021 1153 3067 ibi
1187 3019 1531 3076 Atheniensium,
1562 3022 1636 3075 qui
1666 3017 1765 3062 olim
1795 3017 1929 3064 Jones
1959 3029 2113 3062 nomen
2143 3017 2384 3075 habebant,
2423 3017 2572 3061 honori
2602 3016 2716 3071 dedi,

286 3094 336 3134 ut
386 3090 469 3137 hoc
512 3105 666 3140 nomen
714 3095 996 3143 substitueret
1040 3107 1220 3155 graeco,
1272 3098 1373 3152 quia
1414 3095 1530 3139 bello
1576 3095 1755 3138 Persico
1797 3090 1857 3134 τὰ
1908 3088 2113 3150 ἀριστεῖα
2163 3099 2289 3136 erant
2340 3095 2574 3137 consecuti.
2665 3091 2715 3134 ln

285 3165 545 3213 Athenarum
576 3174 688 3216 enim
737 3172 909 3218 laudem
953 3175 1149 3230 tragicus
1201 3170 1322 3216 illam
1359 3171 1629 3227 tragoediam·
1668 3171 1854 3225 scripsit.
1915 3168 2063 3224 Neque
2086 3171 2206 3224 -J‘ure
2248 3168 2351 3212 mihi
2381 3170 2536 3225 opponi
2581 3177 2716 3222 posse

283 3254 412 3302 spero
434 3244 704 3304 Hesychium,
737 3247 938 3306 quihaec
960 3247 1116 3294 habet:
1138 3242 1299 3297 Ἴωνες.
1330 3245 1569 3303 Αθηναῖοι.
1600 3240 1661 3288 Οἱ
1675 3240 1826 3295 ’Ίωνες
1848 3239 1941 3287 &cci
1966 3241 2134 3295 Ἴωνος,
2165 3243 2239 3286 καὶ
2269 3240 2318 3286 οἵ
2342 3239 2524 3285 ἄποικοι
2552 3235 2716 3284 αῧτῶν.
