3009 3830
1415 175 1482 226 12

246 358 252 362 ,
366 312 476 356 XXI.
539 311 587 355 In
615 310 785 365 verbiS,
817 320 925 365 quae
957 308 1073 366 apud
1104 306 1245 353 Schol.
1278 306 1334 350 ad
1364 305 1533 349 Aristot.
1566 303 1700 348 Ethic.
1732 301 1892 347 Nicom.
1927 307 1983 359 5,
2030 304 2066 346 1.
2100 313 2153 346 ex
2193 301 2438 360 Melanippa
2470 308 2667 368 sapiente

247 393 446 443 excerpta
476 385 698 442 leguntur,
732 381 1017 441 δικαιοσύνης
1045 380 1101 426 τὸ
1131 382 1320 439 χρύσεον
1347 377 1591 438 πρόσωπον
1621 378 1691 433 (Ν.
1724 381 1834 431 489)
1865 377 1937 422 vel
1966 383 2015 421 ut
2043 380 2089 422 in
2119 377 2252 422 altero
2283 378 2383 423 cod.
2410 379 2508 444 Par.
2539 385 2673 440 scrip-

246 468 335 522 tum
378 468 445 505 est
460 495 471 516 ,
515 457 800 516 δικαιοσύνης
842 453 1058 516 τηλαυγὲς
1096 459 1262 515 χρυσὲν
1304 453 1545 513 πρόσωπον
1584 454 1680 498 leve
1727 453 1925 497 mendum
1966 454 2081 497 inest
2119 464 2197 510 per
2246 456 2451 500 incuriam
2488 454 2672 515 fortasse

247 536 516 581 Scholiastae
532 568 543 590 ,
576 546 701 590 quem
731 537 972 577 memoriter
999 533 1107 578 haec
1140 537 1299 576 citasse
1326 535 1415 587 jam
1446 532 1518 576 alii
1549 531 1773 584 viderunt,
1815 527 1993 571 illatum.
2056 527 2105 572 Si
2149 531 2262 572 enim
2304 527 2548 575 Meinekius
2589 531 2673 578 Ex-

248 616 367 656 ercit.
398 610 548 654 Philol.
582 613 626 652 in
656 609 806 652 Athen.
840 612 882 652 2.
914 621 955 665 p.
989 612 1061 653 24.
1093 615 1208 652 recte
1240 615 1286 651 ut
1316 606 1536 663 probabile
1568 612 1634 650 est
1665 617 1717 649 ex
1747 607 1885 660 ipsius
1915 601 2154 647 Aristotelis
2196 601 2225 647 l.
2271 614 2307 647 c.
2347 602 2536 662 Euripidi
2578 610 2675 654 ,vim-

248 690 406 733 dicavit
446 690 572 729 etiam
611 684 743 727 haec:
789 679 891 725 οὔθ’
933 676 1120 738 ἕσπερος
1160 678 1261 723 οὔθ’
1305 676 1414 731 ἕιῦος
1457 676 1573 724 οὕτω
1609 675 1899 732 θαυμαστὸς,
1940 684 2056 722 tanto
2087 681 2226 734 magis
2255 682 2462 736 patescit,
2502 692 2589 726 non
2619 683 2674 735 de

246 765 402 805 virtute
434 761 513 803 sed
544 760 596 802 de
622 760 703 801 dea
732 758 905 802 Justitia
936 761 1020 800 ista
1050 756 1182 799 verba
1211 769 1310 799 esse
1342 757 1634 813 intelligenda.
1694 754 1861 798 Etcum
1882 754 1994 810 apud
2023 756 2210 809 tragicos
2241 766 2296 798 ne
2322 751 2491 810 legatur
2507 758 2675 813 quIdem

249 835 507 880 vocabulum
541 830 826 889 δικαιοσύνη,
859 831 1151 888 corrigendum
1185 836 1252 873 est
1282 829 1429 886 Δίκης.
2274 827 2277 829 ’

543 957 670 1002 XXII.
733 954 849 1000 Stob.
882 953 991 1012 Flor.
1025 956 1109 1010 67,
1148 957 1184 998 1.
1218 967 1270 998 ex
1302 952 1485 1009 Oedipo:

946 1027 1134 1085 Μεγάλη
1165 1028 1366 1085 τυραννὶς
1396 1023 1528 1084 ἄυδρί
1557 1022 1688 1070 τέκνα
1718 1022 1748 1066 x*
1784 1023 1902 1084 γονή.

943 1100 1045 1159 ἴσην
1074 1100 1158 1159 γὰρ
1189 1098 1316 1159 ἇνδρὶ
1346 1099 1582 1158 συμφορὰν
1612 1094 1722 1143 εἶναι
1751 1095 1863 1155 λέγω

942 1172 1103 1220 τέκνων
1130 1178 1178 1220 θ’
1211 1174 1421 1234 ἁμαρτεῖν
1452 1175 1525 1218 καὶ
1551 1172 1726 1232 πάτρας
1755 1172 1828 1217 καὶ
1856 1171 2087 1233 χρημάτων

945 1245 1092 1303 ἆλόχ3
1120 1264 1169 1292 τε
1200 1249 1379 1307 κεδνῆς·
1411 1245 1471 1300 ὥς
1499 1246 1639 1303 μόνον
1667 1252 1756 1293 τῶν
1784 1249 2018 1308 χρημάτων

946 1318 976 1381 ἦ
1008 1323 1221 1380 κρεῖσσόν
1250 1321 1344 1367 ἐστι
1374 1320 1557 1381 τᾶνδρὶ,
1594 1324 1787 1383 σώφρον’
1820 1320 1879 1368 ἄν
1907 1324 2037 1388 λάβῃ.
2098 1325 2169 1378 (Ν.
2202 1329 2326 1381 548.)

371 1408 580 1452 Postremi
610 1413 763 1447 versus
795 1407 837 1445 et
867 1411 1003 1444 sensu
1035 1407 1078 1443 et
1116 1401 1249 1444 forma
1290 1401 1499 1445 laborant.
1543 1400 1786 1458 Madvigius
1816 1404 1861 1445 in
1902 1401 2169 1446 Schneidew.
2209 1401 2359 1445 Philol.
2402 1405 2453 1458 1,
2491 1415 2533 1460 p.
2573 1406 2679 1449 674.

251 1477 283 1541 ἦ
312 1484 424 1527 bene
455 1480 696 1525 emendavit
725 1476 782 1518 τὶ.
842 1475 929 1520 Sed
959 1478 1088 1520 etiam
1117 1473 1258 1529 μόνον
1286 1478 1372 1518 τῶν
1399 1474 1635 1533 χρημάτων
1664 1472 1896 1521 absurdum
1927 1484 2017 1534 est,
2042 1484 2093 1527 ,et
2123 1480 2317 1534 suspicor
2345 1473 2489 1531 μόνον
2528 1490 2582 1523 ex
2611 1482 2679 1524 in-

256 1559 559 1613 terpretatione
591 1555 779 1597 additum
810 1552 926 1595 aliud
955 1550 1210 1595 vocabulum
1242 1551 1483 1607 expulisse,
1528 1552 1639 1606 quod
1670 1548 1878 1593 ἇπαντων
1908 1552 2045 1596 fuisse
2076 1552 2176 1596 mihi
2206 1558 2273 1596 est
2313 1552 2678 1610 verisimillimum.

256 1632 478 1675 Postremo
508 1641 584 1685 pro
616 1624 674 1668 ἄν
703 1624 846 1685 λάβῃ,
878 1626 990 1681 quod
1021 1638 1116 1670 cum
1146 1629 1322 1682 primum
1353 1622 1588 1681 σώφρονα,
1627 1630 1715 1668 tum
1747 1621 1940 1681 σώφρον’
1985 1621 2043 1684 ἄν
2078 1625 2189 1671 male
2230 1626 2508 1684 scriberetur,
2549 1627 2678 1674 simul

260 1718 339 1762 per
369 1703 526 1749 malam
557 1704 861 1746 correctionem
891 1700 1110 1744 inductum
1138 1701 1324 1756 videtur,
1357 1702 1536 1756 conjicio
1567 1697 1744 1751 λαβεῖν,
1786 1705 1833 1743 ut
1864 1703 2078 1745 sententia
2121 1701 2409 1758 superioribus
2454 1705 2678 1760 aptissima

258 1780 329 1823 his
358 1777 504 1823 verbis
536 1780 594 1821 sit
624 1780 856 1831 concepta:
887 1769 948 1824 ὥς
977 1770 1184 1816 ἁπάντων
1212 1771 1443 1830 χρημάτων
1471 1771 1517 1816 τί
1546 1770 1752 1830 κρεῖσσόν
1781 1768 1876 1816 ἔστι
1905 1768 2063 1833 τᾶνδρί
2093 1764 2284 1834 σώφρον’
2314 1773 2348 1834 ἤ
2373 1774 2530 1831 λαβεῖν
2538 1791 2548 1827 ;
2578 1776 2681 1821 For-

259 1858 381 1898 tasse
413 1854 509 1908 quis
540 1847 596 1894 ἄν
625 1863 668 1897 v.
700 1843 734 1908 ἢ
753 1844 798 1891 ’ν
839 1846 956 1910 λάβῃ
985 1861 1061 1906 pro
1091 1841 1125 1906 ἢ
1152 1844 1208 1890 ἄν
1238 1848 1332 1893 coll.
1362 1848 1537 1893 Alirens.
1571 1849 1623 1892 de
1655 1837 1779 1893 Οτεεί
1795 1854 1836 1893 et
1857 1848 2088 1906 Aphaeresi
2117 1864 2158 1909 p.
2193 1854 2261 1896 12.
2293 1851 2368 1896 ubi
2386 1852 2538 1897 Aesch.
2558 1851 2675 1910 Sept.

262 1928 365 1972 544.
397 1923 454 1969 ἄν
483 1939 558 1984 pro
588 1920 619 1984 ἦ
650 1923 706 1968 ἄν
736 1932 779 1970 et
809 1938 850 1981 p.
883 1927 925 1970 9.
956 1925 1031 1970 ubi
1060 1925 1157 1970 Eur.
1190 1924 1275 1982 Iph.
1307 1925 1351 1968 A.
1386 1926 1514 1968 1228.
1549 1918 1667 1981 δᾶρα
1696 1936 1771 1982 pro
1805 1921 1861 1982 δὴ
1898 1918 1988 1982 ἆρα
2019 1924 2107 1983 legi
2134 1926 2280 1983 jubet,
2311 1928 2429 1972 malit
2460 1928 2678 1974 scribere:

264 2016 360 2048 cum
392 2015 474 2059 quo
508 2014 589 2059 ego
622 2014 709 2046 non
739 2000 954 2058 pugnabo.
1963 1989 1967 1992 “

382 2126 531 2170 XXIII.
594 2125 773 2170 Versum
805 2137 858 2169 ex
889 2122 1073 2180 Telepho
1105 2126 1178 2178 qui
1218 2122 1371 2179 legitur
1400 2124 1513 2179 apud
1552 2121 1732 2169 Eustath
1769 2124 1825 2169 ad
1855 2123 1902 2168 Il.
1933 2121 2004 2174 π’,
2034 2137 2075 2182 p.
2111 2126 2240 2181 1084,
2272 2127 2317 2172 2.
2350 2126 2407 2171 ad
2436 2124 2511 2171 Od.
2543 2124 2608 2177 d,
2637 2138 2682 2184 p.

263 2204 404 2256 1397,
437 2204 495 2246 20
527 2206 570 2245 et
599 2203 645 2244 in
674 2200 799 2244 Arist.
831 2198 938 2244 Ran.
972 2199 1102 2243 1400.
1132 2192 1308 2252 βέβληκ’
1332 2192 1564 2250 Ἀχιλλεὺς
1594 2195 1677 2240 δύο
1706 2194 1825 2251 κύβω
1853 2197 1927 2241 και*
1954 2195 2172 2257 τέτταρα,
2201 2199 2272 2255 (Ν.
2304 2202 2431 2253 692.)
2492 2200 2680 2245 Aristar-

266 2276 374 2322 chus
417 2274 607 2331 Euripidi
651 2273 932 2328 abjudicavit,
964 2271 1039 2316 alii
1069 2274 1331 2328 grammatici
1360 2283 1412 2315 ex
1442 2270 1529 2316 alia
1559 2270 1705 2316 fabula
1735 2277 1977 2328 excerptum
2008 2284 2109 2317 esse
2131 2274 2338 2318 dixerunt.
2398 2272 2574 2317 Photius
2607 2283 2684 2325 au·

265 2357 352 2395 tem
385 2356 427 2394 et
458 2350 616 2394 Suidas
647 2361 688 2392 v.
720 2346 816 2404 τρὶς
846 2341 894 2399 ἕξ
924 2359 1010 2391 non
1043 2346 1181 2390 solum
1227 2345 1345 2390 illum
1387 2349 1519 2390 citant
1569 2359 1762 2402 versum,
1807 2349 1886 2392 sed
1928 2340 2162 2404 subjiciunt
2203 2350 2330 2394 etiam
2359 2346 2492 2393 haec:
2551 2346 2688 2404 τριῶν

263 2423 349 2482 γὰρ
380 2421 518 2467 ὄντων
558 2424 646 2464 τῶν
687 2416 1072 2477 ἇναρῥιπτεμένων
1110 2415 1258 2472 βόλων
1288 2417 1370 2462 δύο
1397 2417 1477 2473 μὲν
1507 2417 1632 2471 κενὸς
1651 2416 1790 2464 αὐτόν
1820 2435 1930 2479 φησι
1959 2423 2227 2479 (Euripides)
2256 2420 2439 2475 βάλλειν
2453 2423 2685 2476 ·(scriben-

266 2502 366 2544 dum
399 2506 467 2544 est
494 2496 700 2551 βαλεῖν),
732 2490 811 2538 ἕνα
842 2493 893 2538 δὲ
922 2491 1004 2538 τὸν
1031 2489 1254 2550 τέταρτον.
1312 2493 1601 2540 Blomfieldius
1634 2497 1802 2551 quidem
1833 2497 1889 2542 ad
1916 2496 2067 2542 Aesch.
2100 2497 2244 2555 Agam'.
2294 2499 2367 2543 32.
2408 2496 2549 2543 Gloss.
2589 2508 2686 2541 ver·

263 2576 335 2620 bis
364 2575 497 2631 τριῶν
527 2601 584 2608 -
613 2567 762 2625 βόλων
792 2572 1045 2626 adscripsit:
1076 2568 1213 2613 Nota
1244 2569 1596 2615 GrammatIci
1626 2574 1922 2628 senarium,
1954 2578 2082 2628 recte,
2114 2575 2154 2616 si
2178 2571 2485 2618 Grammaticus
2510 2573 2679 2628 adjecto

263 2648 420 2703 βόλων
447 2660 602 2692 versus
633 2658 834 2690 numeros
864 2645 1001 2690 voluit
1031 2643 1254 2700 complere.
1950 2644 1952 2646 ’

387 2723 562 2767 Poetam
593 2722 845 2766 crediderim
874 2718 1000 2764 lusus
1029 2721 1237 2763 rationem
1266 2719 1455 2764 voluisse
1488 2723 1676 2764 curatius
1708 2720 1951 2765 describere
1966 2755 1978 2777 ,
2010 2732 2105 2766 cum
2136 2721 2286 2766 Graeci
2325 2733 2411 2766 non
2442 2719 2581 2765 solum
2610 2722 2687 2764 tri·

267 2799 373 2855 bus,
406 2800 486 2843 sed
505 2801 632 2842 etiam
656 2802 860 2854 quatuor,
893 2796 1079 2850 quinque
1101 2792 1204 2836 talis
1235 2792 1440 2839 luderent.
1501 2793 1626 2839 Nullo
1657 2807 1758 2839 vero
1792 2799 1963 2852 negotio
1986 2808 2139 2841 versus
2159 2800 2221 2842 ita
2249 2802 2432 2854 possunt
2463 2797 2686 2840 constitui:

964 2868 1096 2924 τριῶν
1123 2864 1208 2922 γὰρ
1238 2863 1375 2909 ὄντων
1403 2871 1491 2910 τῶν
1520 2863 1901 2926 ἇναῤῥιπτεμένων

963 2935 1146 2998 βέβληκ’
1171 2935 1403 2994 Ἀχιλλεὺς
1434 2941 1518 2986 δύο
1548 2941 1668 2998 κύβω
1698 2944 1770 2986 καὶ
1798 2942 2042 3001 τέσσαρας,

968 3015 1052 3060 δύο
1079 3014 1160 3071 μὲν
1190 3014 1338 3068 κενὸς,
1367 3016 1448 3061 τὸν
1477 3017 1520 3061 δ’
1552 3013 1630 3061 ἕνα
1658 3017 1809 3073 βαλών
1836 3016 2090 3077 νικηφόρον.

387 3094 577 3148 Denique
623 3095 675 3138 de
717 3098 889 3137 auctore
929 3092 1049 3137 lubet
1080 3095 1368 3147 conjecturam
1398 3095 1562 3150 facere,
1603 3107 1726 3149 quem
1767 3101 1937 3139 veteres
1980 3095 2253 3139 Grammatici
2292 3093 2404 3138 alius
2445 3092 2687 3149 Euripidem

267 3180 367 3213 esse
399 3167 564 3223 aiebat,
596 3167 708 3212 alius
738 3167 951 3226 negabat3
983 3179 1064 3211 nec
1096 3170 1238 3225 magis
1269 3168 1413 3222 fabula
1446 3175 1563 3214 certa
1593 3175 1661 3214 est
1703 3171 1826 3225 quus
1866 3169 1948 3214 hoc
1992 3174 2061 3214 est
2091 3169 2402 3226 fragmentum,
2441 3180 2566 3225 quam
2604 3165 2690 3230 *Te-
