3009 3830
1463 248 1498 295 8

382 382 434 426 X.
467 382 515 425 ln
545 381 665 425 Aeoli
695 382 956 437 fragmento,
987 377 1113 435 ‘quod
1155 379 1311 436 legitur
1341 379 1454 435 apud
1497 375 1640 422 Schol.
1670 375 1796 421 Arist.
1826 377 1928 422 Pac.
1962 376 2062 421 113.
2094 368 2165 433 ἄρ’
2195 370 2358 430 ἔτυμον
2389 375 2526 434 φάτιν
2555 374 2689 435 ἔγνων

261 455 435 501 Αἴολον
466 451 665 509 εὖνάζειν
693 451 828 499 τέκνα
860 453 1057 512 φίλτατα
1087 453 1159 510 (Ν.
1191 457 1287 508 26.)
1300 453 1346 508 ⁴⁶)
1377 464 1464 498 non
1494 452 1633 498 solum
1670 450 1871 496 librorum
1909 453 2120 509 scriptura
2150 455 2219 496 est
2258 453 2402 509 varia,
2446 454 2527 500 sed
2556 455 2683 502 'etiam

260 525 460 583 εῧνάζειν
488 535 657 587 praeter
687 529 1040 575 consuetudinem
1068 532 1325 587 tragicorum
1354 529 1522 574 videtur
1549 532 1797 585 usurpatum
1827 537 1941 571 esse.
2002 525 2058 570 Et
2086 529 2322 584 scripturae
2352 529 2542 573 varietas
2570 528 2682 575 haec

261 610 355 650 est:
387 604 487 649 Cod.
518 603 622 649 Ven.
655 597 725 661 ἆρ’
757 599 918 657 ἔτυμος
948 600 1110 660 φάτειν
1139 609 1182 648 et
1211 601 1377 653 Αἰολε,
1407 602 1514 648 Rav.
1545 594 1675 660 εὗρον
1701 613 1777 659 pro
1809 595 1941 657 ἔγνων
1970 603 2144 645 omissis
2173 594 2246 659 ἆρ’
2287 596 2449 654 ἔτυμον
2489 607 2533 646 et
2570 603 2688 646 Αἴο-

263 677 354 723 λον.
415 673 631 731 Εὗναζειν
660 683 803 725 autem
832 677 1024 735 verbum,
1055 678 1168 735 quod
1195 677 1238 724 h.
1260 677 1288 723 l.
1320 679 1567 722 necessario
1590 674 1803 734 significat
1833 678 1886 721 in
1915 677 2266 721 matrimonio
2299 673 2615 734 collocare,
2647 680 2689 725 si
2758 713 2760 715 .

266 756 364 810 quis
395 766 480 798 usu
509 753 733 798 Homerico
764 752 836 798 vel
866 752 1077 798 Hesiodeo
1110 750 1357 796 confirmare
1390 756 1432 795 et
1463 750 1676 808 explicare
1707 750 1832 807 velit,
1875 761 1964 795 rem
1996 752 2144 807 opinor
2172 759 2261 794 non
2300 749 2520 807 conficiat,
2550 753 2612 796 ita
2640 757 2689 798 ut

260 829 416 882 tragici
446 831 585 871 testes
609 831 698 871 sint
737 828 962 872 excitandi.
1024 826 1144 883 Apud
1173 824 1427 882 Aeschylum
1457 820 1656 877 εὖνάζειν
1683 837 1770 870 non
1799 824 1976 882 legitur3
2007 824 2119 880 apud
2149 822 2402 881 Sophoclem
2421 830 2494 869 aut
2522 828 2690 883 proprio

265 909 405 943 sensu
436 903 511 943 aut
541 897 749 943 translato
780 909 854 955 pro
879 897 1037 952 κοιμᾶν
1067 897 1146 952 (cf.
1165 896 1332 942 Ellend.
1364 896 1463 942 Lex.
1496 908 1533 942 s,
1564 901 1630 952 v.)
1691 898 1788 956 Ipse
1809 898 2032 957 Euripides
2054 899 2099 944 id
2117 897 2292 944 verbum
2316 898 2490 956 protulit
2518 903 2687 958 proprio

264 982 402 1016 sensu
434 970 570 1017 Orest.
608 975 705 1018 152.
736 972 944 1018 translato
974 971 1104 1017 Rhes.
1138 974 1240 1018 762.
1302 971 1406 1017 Tum
1445 973 1717 1030 comparandi
1757 979 1857 1018 cunt
1897 973 1942 1017 hi
1982 972 2086 1017 loci:
2129 970 2286 1028 γάμοις
2328 971 2474 1015 Ιάσων
2513 971 2691 1026 βασιλι-

264 1047 359 1096 κοῖς
390 1040 619 1099 εῧναζεται
650 1045 761 1092 Med.
808 1047 877 1093 18.
950 1041 1191 1105 ἇπήνεγκεν
1219 1041 1389 1104 βρέφος
1431 1044 1495 1098 εἰς
1536 1040 1701 1090 ταύτὸν
1742 1043 1904 1105 ἄντρον
1942 1041 2079 1105 οὗπερ
2122 1042 2319 1105 εὐνάσθη
2373 1047 2471 1104 θεῷ
2500 1041 2689 1105 Κρέεσα

264 1120 359 1167 Jon.
394 1124 463 1167 17.
496 1118 823 1180 κρυπτόμενον,
865 1124 1001 1179 inquit
1045 1122 1207 1168 Creusa
1244 1122 1365 1178 Joni‚
1408 1117 1537 1175 λέχος
1567 1115 1815 1180 εὗνάσθην,
1873 1122 1931 1169 lb.
1977 1124 2105 1169 1484,
2178 1119 2395 1181 μνησθείς
2425 1115 2453 1167 ὅ
2480 1119 2688 1177 μοί·πστ’

265 1186 368 1250 εἶφ’,
400 1187 468 1237 ὅτ’
501 1190 726 1252 εὐνάσθην
754 1194 876 1251 θεῷ,
907 1190 1023 1238 affice
1051 1208 1096 1237 τι
1125 1192 1288 1255 χρῄζον
1318 1189 1365 1237 ἕν
1392 1195 1570 1242 Phaetn.
1603 1197 1753 1256 fragm.
1788 1202 1829 1244 5.
1862 1209 1886 1243 e
1928 1198 2083 1255 quibus
2122 1209 2235 1243 unus
2265 1197 2376 1244 Med.
2424 1199 2492 1243 18.
2536 1197 2682 1244 verbis

265 1262 531 1320 εὖνάζεςθαι
560 1267 721 1324 γάμοις
751 1273 843 1315 veri
869 1273 1124 1316 matrimonii
1154 1271 1284 1316 habet
1313 1274 1572 1317 notationem
1613 1279 1656 1318 et
1686 1276 1795 1319 satis
1818 1274 2105 1332 demonstrat,
2136 1273 2234 1319 huic
2258 1281 2422 1330 quoque
2449 1273 2687 1331 fragmento

262 1344 526 1388 reddendum
558 1356 659 1389 esse
689 1344 944 1389 vocabulum
974 1342 1146 1400 γάμοις.
1205 1346 1284 1389 Pro
1302 1341 1454 1399 ἔγνων,
1486 1348 1599 1402 quod
1617 1360 1703 1393 non
1733 1349 1982 1406 simpliciter
2012 1351 2269 1406 comperi,
2300 1349 2380 1392 sed
2405 1347 2689 1404 intellexi,

267 1423 510 1474 cognovi
539 1418 791 1476 significat,
835 1431 974 1475 neque
1018 1425 1163 1477 aptum
1194 1425 1262 1464 est
1290 1423 1634 1476 interrogationi,
1679 1435 1763 1478 qua
1805 1425 1858 1468 de
1900 1427 2081 1468 veritate
2120 1423 2259 1468 famae
2303 1416 2481 1479 (ἔτυμον
2510 1419 2690 1479 φάτιν),

267 1507 356 1538 non
386 1494 437 1537 de
468 1494 634 1550 perlata
665 1495 780 1539 fama
811 1497 1049 1551 quaeritur,
1089 1500 1134 1539 et
1163 1506 1238 1552 pro
1270 1487 1422 1551 εὗρον,
1464 1497 1576 1552 quod
1616 1496 1736 1541 nullo
1777 1498 1900 1542 modo
1942 1497 2145 1554 explicari
2182 1503 2348 1554 potest,
2391 1496 2533 1541 malim
2564 1492 2691 1547 ἄϊον,

269 1567 367 1613 coll.
399 1568 501 1614 Hec.
536 1571 636 1614 177.
675 1564 737 1620 ὥς
767 1567 917 1629 εἰδῇς,
948 1567 1049 1614 οῗαν
1078 1568 1180 1613 οἵαν
1209 1564 1293 1613 &lm
1323 1568 1479 1628 φάμαν
1506 1569 1606 1629 περὶ
1637 1572 1721 1623 σᾶς
1748 1572 1910 1631 ψυχᾶς,
1942 1577 1984 1617 et
2012 1571 2108 1618 Jon.
2141 1574 2241 1617 507.
2283 1567 2363 1614 οὔτ
2393 1568 2466 1614 ἐπὶ
2497 1569 2692 1630 κερκίσιν

266 1640 373 1687 οὔτε
414 1640 564 1698 λόγοις
607 1641 743 1699 φάτιν
784 1640 908 1699 ἄϊον,
948 1648 1035 1690 nisi
1065 1647 1163 1701 quis
1205 1640 1356 1688 ἔκλυον
1406 1648 1580 1702 propius
1623 1647 1679 1691 ad
1720 1647 1936 1692 literarum
1966 1648 2137 1692 ductum
2167 1652 2287 1705 putat
2316 1649 2545 1704 accedere,
2591 1646 2689 1692 coll.

266 1717 417 1764 Helen.
452 1720 593 1777 12113
626 1715 761 1776 φάτιν
789 1713 870 1760 τιν’
901 1718 1085 1762 οἴκοθεν
1116 1715 1294 1762 κλύεσα.
1351 1719 1466 1777 Lego
1496 1722 1650 1776 igitur:

962 1788 1032 1852 ἆρ’
1064 1789 1225 1848 ἔτυμον
1255 1793 1390 1852 φάτιν
1419 1791 1520 1838 ἄϊον
1549 1793 1708 1851 γάμοις

965 1867 1139 1913 Αἴολον
1167 1864 1362 1923 εῧνάζειν
1390 1865 1522 1914 τέκνα
1554 1868 1759 1927 φίλτατα.

397 1942 560 1987 Chorus
590 1941 674 1986 hac
705 1945 1037 2000 interrogatione
1066 1945 1270 2001 parodum
1299 1947 1464 1989 videtur
1493 1946 1641 2001 ordiri,
1672 1949 1897 2001 postquam
1925 1943 2074 1988 Nutrtx
2106 1945 2184 1998 (ci.
2217 1944 2419 2001 Hartung.
2450 1944 2548 1989 Eur.
2580 1950 2685 1989 rest.

265 2019 297 2064 l.
328 2032 369 2075 p.
403 2022 531 2071 255.)
561 2017 784 2075 prologum
814 2019 942 2075 dixit,
974 2024 1018 2063 et
1049 2022 1148 2074 quia
1176 2019 1331 2065 Aeolus
1368 2020 1554 2065 nondum
1591 2022 1686 2076 ipse
1726 2022 1890 2076 aperuit
1920 2018 2143 2064 consilium
2183 2017 2294 2064 filios
2322 2018 2518 2076 filiasque
2550 2024 2692 2064 matri-

268 2100 411 2140 monio
443 2100 555 2141 inter
586 2108 635 2141 se
668 2097 981 2153 conjungendi,
1014 2096 1091 2141 illa
1119 2099 1392 2154 interrogatio
1425 2099 1477 2144 de
1510 2109 1560 2143 eo
1590 2101 1637 2141 ut
1668 2093 1847 2140 absente
1877 2098 2005 2139 recte
2049 2105 2099 2139 se
2139 2093 2297 2139 habere
2329 2099 2372 2140 et
2414 2097 2690 2141 accusativus

270 2184 366 2216 eum
396 2169 605 2215 infinitivo
638 2169 875 2216 confirmari
905 2172 1086 2218 videtur.

392 2284 463 2329 XI.
498 2283 613 2339 Quae
646 2288 835 2329 servavit
865 2284 1080 2330 Stobaeus
1109 2284 1218 2329 Flor.
1253 2288 1361 2340 114,
1404 2286 1459 2329 8:
1492 2283 1625 2337 οὶζιιοι,
1668 2295 1736 2332 τις
1767 2275 1913 2336 ἆλγεῒν
1949 2275 2029 2326 οὔκ
2060 2276 2294 2324 ἐπίσταται
2335 2283 2512 2332 κακοῒς;
2540 2281 2608 2334 τίς
2639 2275 2697 2323 ἄν

274 2356 414 2401 κύλων
430 2356 560 2400 τῶνδ’
580 2353 659 2400 οῦκ
672 2351 730 2400 ἂν
745 2353 927 2412 ἐκβάλοι
947 2355 1112 2416 δάκρυ,·
1142 2357 1212 2413 (Ν.
1227 2361 1321 2413 37.)
1343 2362 1402 2403 ita
1421 2364 1523 2402 sunt
1542 2362 1796 2415 comparata,
1827 2362 1875 2400 ut
1897 2363 2155 2401 statuentum
2175 2361 2244 2414 sit,
2277 2362 2350 2401 aut
2367 2360 2477 2401 inter
2500 2357 2581 2401 hos
2601 2368 2695 2400 ver-

273 2446 352 2478 sus
364 2433 570 2477 nonnulla
583 2435 813 2489 excidisse,
845 2438 918 2477 aut
937 2436 1119 2490 priorem
1129 2445 1300 2479 versum
1323 2437 1581 2478 correctione
1602 2444 1743 2489 egere.
1777 2429 1923 2486 Qualis
1942 2435 2054 2478 enim
2071 2432 2178 2477 haec
2197 2439 2263 2477 est
2284 2436 2519 2478 sententia:
2553 2431 2584 2488 Ω
2598 2436 2693 2476 uis

275 2508 474 2552 dolere
518 2509 717 2551 nescit
748 2506 812 2550 ob
843 2505 1014 2563 mala,
1046 2511 1133 2551 nisi
1163 2508 1350 2562 additur,
1383 2519 1491 2563 quae
1524 2509 1620 2562 quis
1656 2506 1797 2551 doleat
1826 2505 1971 2551 mala?
2002 2506 2206 2564 Suspicor
2236 2506 2357 2561 οἴμοι
2387 2513 2506 2552 extra
2536 2519 2691 2551 versus

272 2582 448 2627 vincula
476 2585 663 2639 positum
694 2581 912 2639 expulisse
942 2593 1174 2639 pronomen
1205 2582 1602 2637 demonstrativum,
1634 2592 1716 2638 quo
1746 2587 1917 2638 recepto
1950 2584 1991 2626 ei
2019 2584 2108 2627 vita
2139 2588 2181 2627 et
2209 2586 2332 2640 vigor
2371 2585 2504 2640 redit,
2548 2586 2593 2627 in
2626 2581 2689 2627 al-

272 2663 364 2702 tero
396 2663 537 2703 autem
566 2669 700 2702 versu
741 2660 874 2702 oratio
905 2657 963 2703 ad
998 2658 1140 2712 majus
1181 2663 1354 2714 apparet
1390 2668 1650 2713 assurgens:
1695 2655 1815 2712 οὶῙιιοι
1828 2672 1838 2684 ·
1874 2652 2028 2709 τέτοις
2067 2654 2136 2709 τίς
2165 2652 2312 2715 άλγεῒν
2342 2652 2421 2703 οῧκ
2452 2653 2694 2702 ἐπίσταται

274 2733 452 2784 κακοῒς;
479 2731 534 2778 Et
565 2743 662 2778 cum
692 2727 834 2776 κλύων
862 2736 910 2778 et
934 2730 1160 2778 verborum
1188 2742 1325 2778 nexus
1356 2737 1398 2778 et
1428 2731 1652 2778 collocatio
1681 2743 1787 2777 voce
1820 2731 2081 2781 efferendum
2107 2747 2206 2781 esse
2226 2736 2411 2793 indicet,
2442 2733 2692 2779 vertendum

275 2812 369 2853 est:
400 2807 531 2853 Vae!
564 2811 687 2866 quis
717 2806 855 2854 haec
884 2807 1024 2854 mala
1055 2807 1248 2854 dolere
1277 2807 1504 2853 nesci-t?
1564 2805 1695 2864 Quis
1734 2808 1826 2853 vel
1856 2811 2071 2856 auditis
2112 2814 2186 2856 iis
2227 2822 2335 2856 non
2373 2811 2580 2854 fundat
2621 2809 2697 2853 la·

276 2885 451 2929 crima
466 2883 522 2928 s?

396 3006 487 3052 XII.
530 3007 579 3051 In
610 3011 823 3053 communi
865 3009 1084 3054 sententia
1111 3018 1141 3052 a
1170 3006 1354 3052 Stobaeo
1384 3008 1492 3061 Flor.
1528 3010 1640 3065 104,
1674 3011 1743 3053 10.
1788 3021 1841 3053 ex
1872 3008 2002 3054 Aeolo
2032 3014 2189 3067 petita:
2220 3005 2304 3053 -άεὶ
2332 3006 2387 3053 τὸ
2416 3007 2501 3064 μὲν
2530 3007 2610 3068 ζῇ,
2639 3006 2696 3052 τὸ

278 3078 331 3121 δὲ
357 3079 630 3134 μεθίσταται
661 3079 826 3136 κακὸν,
855 3080 911 3124 τὸ
954 3076 1007 3124 δ’
1037 3076 1282 3139 ἔκπέφηνεν
1311 3076 1457 3125 afaru?
1488 3079 1535 3135 ἐξ
1566 3077 1702 3139 άρχῆς
1730 3080 1831 3126 νέον
1859 3083 1924 3141 (Ν.
1957 3085 2048 3142 41.)
2090 3091 2157 3129 est
2187 3079 2436 3142 ἓκπέφηνεν
2462 3084 2698 3140 Musgravii

278 3157 526 3211 conjectura
554 3167 630 3213 pro
660 3156 778 3214 vulg.
810 3153 866 3198 τὸ
901 3150 1035 3200 δὀῧκ
1067 3151 1241 3216 ἔφηνεν,
1272 3159 1384 3214 quod
1412 3162 1456 3202 in
1481 3158 1588 3203 Cod.
1618 3157 1713 3201 Par.
1745 3158 1780 3201 B
1822 3162 2024 3217 scriptum
2067 3165 2135 3203 est
2163 3157 2218 3202 τὸ
2249 3156 2512 3218 δ’ἐξέφηνεν.
2581 3157 2695 3202 Nihil

373 3276 412 3324 Ἴ
464 3278 610 3314 Numeri
635 3285 716 3316 sunt
738 3281 971 3330 Wagner-iani
995 3281 1195 3329 Euripideis
1220 3281 1424 3331 fragmentis
1453 3283 1490 3318 in
1513 3282 1671 3330 margine
1695 3264 1856 3329 appositi.
