3009 3830
1371 145 1528 191 ‚14

973 271 1003 333 ἦ
1035 272 1075 316 δ’
1107 268 1318 327 εῧλάβεια
1348 269 1511 316 σκότον
1538 268 1627 328 ἔχει
1657 271 1762 318 πάθ’
1788 269 1991 326 Ἐλλάδα

974 346 1030 394 τὸ
1063 348 1296 404 διαβιῶναι
1324 338 1464 405 ubive»
1493 345 1563 393 ἀεὶ
1591 345 1838 410 θηρωμένη.
1899 349 1969 404 (Ν.
2002 351 2127 403 875).
2702 412 2704 414 v

398 429 620 474 Posterius
661 427 945 490 fragmentum
989 427 1046 471 ad
1090 426 1271 470 eundem
1308 413 1557 470 Archelaum
1595 428 1806 486 pertinere
1837 427 2044 472 indicium
2085 430 2154 469 est
2184 437 2225 469 v.
2257 428 2299 470 3.
2332 430 2706 490 quipostv..10·

281 504 438 550 iisdem
466 516 605 561 paene
635 503 783 547 verbis
813 505 966 546 iterum
996 501 1177 558 legitur,
1212 508 1255 545 et
1283 502 1502 556 utriusque
1534 501 1761 557 fragmenti
1790 507 2084 560 argumentum
2099 534 2112 556 ,
2157 501 2269 557 quod
2308 509 2460 563 aperte,
2483 505 2709 562 incudem

278 590 328 623 re
357 584 567 622 versatur.
631 577 876 633 Scripturae
904 570 1095 621 'varietas
1126 579 1263 632 potior
1292 575 1409 620 haec&
1431 582 1522 620 est:
1553 589 1594 621 v.
1627 579 1667 620 3.
1701 575 1825 621 Voss,
1858 583 1901 621 et
1932 574 2028 621 Orio
2059 570 2308 632 εὔανδρίαν.
2348 590 2389 622 v.
2422 582 2463 623 4.
2496 570 2573 635 ὢν,
2589 583 2709 624 omit-
2742 578 2745 580 ’

277 656 376 697 tunt
404 653 521 698 Parr.
566 651 601 697 A
643 657 687 696 et
714 651 763 695 Β.
796 653 934 710 στυγῆ
962 651 1087 696 Voss.
1131 657 1174 695 et
1215 649 1353 694 Trinc.
1386 682 1388 685 -
1420 649 1535 696 Male
1575 663 1617 694 v.
1661 653 1729 695 11.
1770 657 1868 707 post
1907 664 1948 695 v.
1990 654 2032 696 2.
2065 651 2277 709 adjectum
2311 662 2411 696 esse
2444 664 2468 697 e
2500 655 2709 711 scriptura

278 725 405 773 Voss.
438 722 701 786 εὔανδρίαν,
731 733 820 772 tum
852 739 875 772 e
903 726 1049 772 verbis
1080 723 1129 769 οἱ
1153 723 1238 783 γὰρ
1268 721 1404 768 πόνοι
1432 736 1568 770 causa
1597 737 1682 770 non
1722 725 1905 771 obscura
1948 730 1993 770 in
2032 719 2126 766 ἄλλ’
2159 721 2210 768 οι*
2231 723 2364 769 πόνοι
2402 732 2576 774 mutatis
2608 742 2710 774 con·

275 804 394 859 jicio.
459 803 638 849 Scilicet
668 816 806 849 nexus
837 805 1143 848 sententiarum
1174 800 1264 845 illic
1296 812 1382 845 non
1412 800 1509 845 tulit
1538 798 1633 859 γὰρ.
1696 800 1828 857 Quum
1857 815 1898 847 v.
1932 804 1973 846 3.
2007 803 2143 857 ejecto
2176 814 2286 858 quae
2333 812 2570 860 sequuntur
2610 820 2706 853 cum

279 866 576 938 superioribus
609 882 809 924 continua
841 881 1030 924 oratione
1072 878 1298 922 videantur
1339 878 1568 932 conjuncta
1613 889 1735 934 esse,
1777 890 1817 922 v.
1863 882 1904 922 4.
1932 888 2011 935 pro
2042 875 2218 930 νεανίας
2246 876 2330 936 γὰρ
2358 880 2502 926 malim
2531 882 2710 935 νεανίας

279 946 352 1011 ἄρ’
385 959 428 998 et
459 955 596 1013 στυγῇ
623 965 698 1011 pro
731 954 888 1009 στυγεῖ.
948 951 1284 997 Valckenaerius
1314 964 1354 996 v.
1389 954 1429 995 7.
1464 954 1647 1006 conjecit
1679 947 1811 1004 {gener
1827 952 1875 995 εἴ
1893 965 1959 1002 τις
1969 969 1985 1004 ;
2015 954 2210 1009 equidem
2240 958 2438 1011 suspicor
2465 969 2534 1006 τις
2564 968 2617 1001 ex
2648 953 2709 1009 ὥς

278 1034 428 1074 natum
459 1041 559 1073 esse
591 1035 634 1073 et
663 1041 822 1086 repono
853 1024 912 1079 ὥς
944 1024 1113 1081 ἔξωθέν
1142 1022 1238 1069 ἐστι
1267 1023 1538 1084 πραγμάτων
1567 1030 1595 1072 i.
1630 1040 1666 1072 e.
1712 1027 1971 1085 opulenta
2013 1031 2135 1073 vita
2178 1041 2339 1086 quam
2376 1033 2460 1075 sit
2502 1042 2708 1090 expers

277 1107 634 1160 negotiorum.
696 1105 778 1150 Pro
808 1101 889 1162 τὴν
919 1097 1156 1160 εὗανδρίαν
1184 1115 1225 1148 v.
1270 1106 1340 1148 11.
1380 1100 1462 1146 VV.
1502 1101 1588 1147 DD.
1628 1114 1653 1147 e
1683 1115 1725 1148 v.
1758 1105 1801 1148 3.
1843 1099 1924 1161 τὴν
1952 1098 2169 1156 ἐὖδοξίαν
2223 1096 2496 1152 scribendum
2528 1120 2717 1155 censue-

278 1185 402 1235 runt,
436 1182 536 1236 quia
564 1177 648 1237 τὴν
677 1174 916 1237 εὐανδρίαν
947 1191 970 1224 e
1001 1193 1042 1224 v.
1076 1181 1116 1224 9.
1150 1181 1373 1235 repetitum
1402 1176 1591 1233 videtur,
1626 1177 1680 1221 cs.
1711 1177 1867 1235 Licym.
1902 1178 2051 1236 fragm.
2085 1183 2128 1224 2.
2159 1177 2311 1234 πόνος,
2329 1178 2414 1238 γὰρ
2444 1178 2507 1234 ὥς
2534 1178 2710 1239 λέγωσιν

279 1249 480 1305 εὖκλείας
508 1253 670 1312 πατήρ.
731 1254 890 1299 Tamen
932 1254 1039 1299 nihil
1072 1254 1243 1298 obstare
1275 1258 1374 1309 puto
1393 1285 1404 1307 ‚
1438 1255 1663 1306 quominus
1683 1253 1917 1308 explicetur
1948 1254 2173 1300 laudem
2202 1260 2454 1304 virtutis.
2516 1258 2708 1316 Denique

278 1327 361 1373 hos
391 1341 546 1374 versus
590 1332 702 1374 inter
744 1329 1033 1375 consiliarium
1069 1331 1187 1386 regis
1230 1332 1295 1382 (et
1336 1326 1539 1384 Hartung.
1583 1327 1683 1372 Eur.
1723 1333 1825 1372 rest.
1858 1330 1900 1372 2.
1943 1341 1984 1386 p.
2030 1332 2131 1375 561.
2164 1336 2208 1375 et
2236 1331 2438 1389 Wagner.
2472 1333 2706 1391 ad-fragm.

278 1406 407 1458 243.)
439 1405 511 1449 vel
541 1408 680 1462 ipsum
712 1417 855 1462 regem
887 1412 929 1450 et
959 1404 1209 1450 Archelaum
1241 1402 1470 1459 distribuo,
1503 1414 1627 1458 quem
1658 1401 1733 1445 ille
1774 1405 1868 1446 sive
1912 1408 2075 1450 amicus
2116 1409 2233 1463 regis
2278 1409 2371 1451 sive
2408 1420 2484 1453 rex
2521 1408 2707 1454 fortasse

281 1479 409 1523 falsis
439 1484 664 1536 promissis
707 1493 734 1524 a
777 1481 1052 1537 suscipiendo
1094 1483 1266 1536 imperio
1308 1482 1349 1521 et
1380 1476 1495 1521 bello
1528 1478 1739 1522 deducere
1771 1478 1926 1524 studet.
1989 1480 2184 1526 Archelai
2215 1488 2315 1527 sunt
2345 1496 2385 1528 v.
2419 1485 2447 1529 6
2479 1487 2523 1529 et
2553 1487 2595 1530 7.
