3009 3830
1465 170 1500 217 4

381 297 522 345 Etiam
561 308 671 355 quae
715 308 813 343 mox
842 297 1081 352 sequuntur
1110 292 1257 339 lacera
1289 297 1333 338 et
1360 291 1570 339 lacunosa
1600 299 1722 353 sunt,
1767 306 1877 353 quae
1916 305 1970 340 ex
2013 300 2136 353 parte
2173 294 2290 342 haud
2318 298 2438 342 inani
2467 307 2596 356 opera
2624 309 2700 345 ex·

258 372 379 433 plere
408 385 540 432 posse
574 384 714 431 spero.
776 371 993 428 Leguntur
1022 370 1124 414 inde
1155 381 1184 414 a
1226 380 1269 413 v.
1302 370 1403 413 406.

958 438 1072 494 Νέος
1101 440 1212 498 ἐγὼ,
1241 440 1409 499 πάτερ’,
1440 441 1651 496 λείπομαι
1681 441 1816 500 φίλας

963 513 1246 573 μονόστολός
1273 531 1324 560 τε
1352 513 1547 576 ματρός·
1579 510 1616 561 ὦ

966 588 1148 647 σχέτλια
1179 589 1236 650 δὴ
1266 589 1429 635 παθὼν

966 662 1479 725 &diffamatia

973 738 1160 797 σύγκασί
1186 752 1266 795 μοι
1295 737 1437 799 κέρα,

965 846 978 860 .
1007 846 1019 858 .
1048 845 1061 859 .
1091 809 1304 866 συνέτλας

971 921 983 934 .
1015 921 1027 934 .
1060 921 1072 934 .
1101 883 1140 934 ὦ
1165 887 1311 948 πάτερ

970 961 1153 1010 ἇνόνατ’
1186 961 1364 1010 ‹imbra-e
1395 960 1685 1022 ἐνύμφευσας.

386 1041 492 1086 Post
526 1037 609 1097 ἐγὼ
640 1037 746 1100 ἔργα
774 1046 924 1099 reponi
954 1040 1058 1086 licet
1086 1039 1292 1095 τλάμων,
1337 1039 1417 1083 sed
1462 1038 1589 1084 fidem
1630 1041 1899 1095 interponere
1938 1050 2025 1083 non
2068 1042 2232 1097 ausim,
2281 1042 2329 1084 in
2360 1041 2485 1085 tertia
2514 1039 2699 1100 lacuna,

265 1119 472 1172 scriptum
515 1117 679 1161 fuisse:
719 1115 792 1158 καὶ
832 1114 912 1167 σὺ,
941 1114 1112 1175 πάτερ,
1165 1110 1202 1159 ὦ
1230 1113 1385 1172 πάτερ.
1457 1115 1521 1159 Ad
1566 1126 1716 1158 vocem
1754 1111 1809 1157 σύ
1838 1128 1889 1157 τε
1931 1121 2130 1172 superest
2169 1113 2391 1161 scholion:
2433 1112 2539 1159 ὦσεί
2580 1112 2702 1172 ἔλεγε

269 1187 541 1246 συνόμαιμε,
572 1188 850 1248 συνάδελφε,
879 1193 1082 1235 τοσαῦτα
1112 1186 1241 1248 ἔτλης
1281 1182 1370 1234 ὅσα
1411 1183 1519 1244 ἐγώ,
1569 1190 1682 1233 unde
1728 1191 1908 1245 conjicio
1962 1188 2122 1233 τοσάδ’
2176 1187 2289 1245 ἄχεα
2328 1184 2562 1242 συνὲτλας·
2601 1191 2700 1237 coll.

263 1265 424 1311 Phoen.
460 1271 589 1312 1515.
632 1265 701 1317 τίς
730 1294 789 1303 -
821 1263 928 1309 ἔτλα
953 1267 1098 1309 κακῶν
1115 1265 1304 1309 τοσῶνδ’
1336 1265 1526 1319 αἵματος
1545 1261 1705 1321 ἇμερίε
1731 1263 1878 1308 τοιάδ’
1910 1260 2024 1317 ἄχεα
2054 1263 2251 1323 φανεράς

561 1391 631 1436 ΠΙ,
664 1389 814 1436 Troad,
847 1393 950 1436 869,
998 1384 1136 1433 (Ἠκω
1166 1388 1219 1432 δὲ
1247 1387 1328 1447 τὴν
1355 1387 1611 1438 Λάκαιναν,
1642 1383 1696 1432 οὗ
1725 1385 1809 1446 γὰρ
1839 1382 1983 1446 ἦδὲως

969 1459 1118 1518 ὄνομα
1149 1464 1379 1521 δὰ,ιιαρτος
1407 1460 1437 1520 ἥ
1469 1463 1568 1506 ποτ’
1599 1458 1654 1520 ἦν
1683 1458 1765 1519 ἓμὴ
1797 1458 1927 1517 λέγω,

973 1533 1120 1591 ἄξων,

272 1616 412 1670 inquit
430 1612 671 1660 Menelaus,
732 1615 814 1660 Pro
831 1612 1066 1658 Λάκαιναν
1095 1618 1141 1680 in
1160 1614 1295 1660 Havn.
1329 1620 1370 1659 et
1389 1613 1486 1658 aliis
1508 1620 1575 1658 est
1591 1611 1815 1656 τάλαιναν.
1877 1610 2136 1671 Quamquam
2158 1612 2382 1672 Euripides
2406 1612 2522 1659 haud
2547 1617 2700 1672 paucis

272 1688 387 1734 locis
428 1702 511 1734 nec
553 1690 863 1736 Lacedaemoni
906 1703 987 1735 nec
1027 1690 1225 1735 Menelao
1268 1693 1480 1747 pepercit,
1519 1696 1662 1733 tamen
1705 1689 1899 1733 dubitare
1930 1689 2033 1734 licet
2063 1702 2119 1734 an
2150 1693 2329 1746 partium
2361 1691 2501 1734 studio
2531 1695 2697 1735 tantum

271 1766 528 1821 permiserit,
566 1769 614 1808 ut
656 1763 922 1820 Menelaum,
966 1768 1061 1821 ipse
1102 1768 1175 1820 qui
1215 1768 1273 1808 sit
1315 1765 1699 1818 LacedaemoniuS,
1739 1762 2005 1819 popularium
2045 1767 2213 1808 nomine
2254 1770 2456 1818 tanquam
2503 1767 2696 1808 convicio

275 1839 461 1894 quodam
501 1840 549 1883 in
585 1849 717 1884 uxore
761 1839 912 1884 fecerit
950 1839 1209 1885 abutentem.
1273 1837 1371 1884 Jure
1411 1849 1490 1882 suo
1531 1835 1613 1882 hoc
1653 1840 1848 1882 convicio
1879 1840 1949 1883 usi
1980 1844 2082 1883 sunt
2111 1837 2319 1884 Troadum
2351 1838 2506 1883 chorus
2537 1838 2700 1884 Hecub.

273 1915 379 1960 650.
412 1919 456 1960 et
484 1914 662 1961 Hecuba
691 1915 795 1962 ibid.
828 1919 930 1962 441.
991 1915 1098 1961 Aliis
1128 1915 1238 1961 locis
1270 1918 1362 1960 sine
1393 1914 1661 1971 malignitate
1691 1912 1854 1958 Helena
1895 1909 1926 1970 ἦ
1957 1909 2166 1956 Λάκαινα
2196 1912 2454 1970 appellatur,
2485 1919 2532 1958 ut
2563 1912 2700 1960 Orest.

278 1991 412 2035 1439.
475 1987 626 2035 Troad.
661 1991 735 2036 34.
799 1989 1066 2036 Credibilene
1098 1995 1166 2035 est
1207 1991 1359 2048 igitur,
1400 1994 1569 2047 poetam
1612 1988 1753 2033 dicere
1796 1985 1990 2033 voluisse
2032 1997 2161 2032 unam
2201 1987 2440 2033 Lacaenam
2472 1999 2496 2033 e
2526 1992 2699 2046 graecis

272 2064 526 2110 mulieribus
557 2066 672 2122 apud
702 2064 908 2120 Troianos
939 2066 1163 2111 habitasse
1204 2070 1247 2110 et
1290 2077 1403 2109 nunc
1442 2066 1532 2119 jam
1572 2066 1782 2119 captivam
1821 2063 1962 2117 duci?¹
2021 2063 2098 2108 His
2140 2063 2377 2108 rationibus
2408 2064 2619 2121 adducor,
2650 2068 2702 2109 ut

273 2139 398 2185 codd.
429 2142 684 2197 scripturam
713 2137 795 2197 τὴν
823 2136 1038 2183 τάλαιναν
1066 2143 1095 2185 i.
1128 2153 1165 2185 e.
1198 2138 1523 2196 improbam,
1568 2139 1680 2195 quod
1708 2136 1963 2184 vocabulum
1992 2141 2222 2185 irascentis
2239 2141 2390 2186 *mariti
2421 2141 2601 2185 orationi
2631 2151 2705 2198 op-

271 2217 374 2260 time
407 2218 619 2272 convenit,
650 2217 935 2261 revocandam
959 2208 1066 2261 'esse
1099 2226 1313 2260 censeam.

397 2289 516 2335 Alios
547 2290 808 2348 subjungam
838 2290 959 2336 locos
974 2326 985 2348 ,
1019 2290 1174 2347 quibus
1206 2293 1320 2336 circa
1350 2291 1521 2335 uomina
1550 2287 1654 2335 mihi
1683 2289 1850 2334 videtur
1880 2300 1907 2334 a
1935 2287 2123 2335 librariis
2149 2292 2347 2347 pecatum
2374 2301 2475 2335 esse
2507 2289 2599 2345 (111.
2632 2287 2702 2336 IV.

280 2362 330 2410 V.
361 2363 429 2410 VI.
460 2365 572 2419 Vll.)

566 2510 631 2556 lv.
663 2509 821 2556 Bacch.
857 2512 958 2556 135.
1016 2506 1199 2560 ‘Hdogj
1229 2502 1277 2552 ἓν
1306 2504 1480 2567 οὔρεσιν
1509 2501 1610 2553 εὖτε

978 2578 1028 2627 ἐκ
1056 2581 1233 2626 θιάσων
1263 2581 1487 2640 δρομαίων

971 2652 1090 2720 πέσῃ
1119 2654 1292 2703 πεδόσε
1319 2657 1524 2716 νεβρίδος
1555 2652 1664 2711 ’ἔχων

971 2730 1094 2791 ἱερὸν
1123 2728 1308 2777 sudoro»
1318 2765 1332 2784 ‚
1363 2728 1555 2791 ἇγρεύων

973 2803 1088 2864 αἷμα
1117 2805 1417 2866 τραγοκτόνον
1445 2804 1688 2866 ὠμοφάγον
1714 2805 1869 2866 χάριν,

971 2880 1143 2940 ἱέμενος
1173 2882 1237 2936 εἰς
1266 2880 1378 2942 ὄρεα
1409 2883 1601 2944 Φρύγια,
1631 2882 1796 2928 Λύδια.
1829 2888 1839 2896 “

396 2957 505 3002 Guil.
538 2956 781 3002 Dindorfius
811 2962 857 3004 in
887 2958 1024 3019 libro,
1057 2974 1183 3018 quem
1207 2965 1381 3018 scripsit
1411 2963 1462 3005 de
1490 2964 1638 3005 metris
1661 2960 1861 3017 Aeschyli
1883 2965 1963 3004 etc.
1985 2972 2027 3016 p.
2060 2962 2162 3005 243.
2193 2959 2331 3005 ultimi
2347 2973 2502 3006 versus
2531 2966 2711 3006 metrum

268 3033 384 3077 idem
414 3033 551 3077 fuisse
582 3039 702 3089 putat
732 3046 786 3078 ac
833 3048 875 3079 v.
910 3039 1148 3081 157—164
1191 3040 1220 3081 i.
1254 3049 1292 3081 e.
1325 3037 1499 3080 duorum
1528 3047 1738 3092 paeonum
1778 3036 2038 3090 totidemque
2085 3034 2345 3091 dactylorum
2387 3042 2430 3080 et
2465 3036 2709 3093 Euripidem

270 3107 529 3154 vocabulum
563 3106 736 3169 Φρύγια
778 3113 915 3168 prima
945 3111 1118 3171 syllaba
1145 3112 1352 3171 producta
1395 3114 1596 3170 posuisse
1627 3116 1743 3157 recte
1775 3115 1919 3169 negat.
1980 3108 2127 3168 Neque
2157 3111 2364 3157 Homerus
2395 3111 2467 3157 vel
2496 3112 2711 3172 Aechylus

269 3183 420 3244 Suppl.
453 3189 555 3232 543.
618 3187 690 3232 vel
720 3186 959 3247 Sophocles
990 3189 1109 3247 Ajac.
1142 3191 1246 3236 210.
1308 3187 1404 3234 Ant.
1434 3191 1537 3234 824.
1568 3186 1642 3233 vel
1683 3188 1855 3234 Pindar.
1885 3184 2003 3232 Nem.
2036 3188 2080 3243 3,
2112 3187 2186 3233 60.
2218 3187 2284 3233 ed.
2315 3187 2586 3236 Schneidew.
2634 3189 2714 3235 ubi

0 3679 279 3830 k
