3009 3830
255 353 323 393 est
352 349 397 390 in
429 342 596 388 Codicis
626 342 837 397 scriptura
864 338 1133 396 mutandum,
1163 342 1209 384 si
1227 342 1503 389 :intransitiva
1542 339 1766 389 visverbi
1794 337 1970 395 φαίνειν
1996 344 2139 395 potest
2168 339 2459 386 demonstrari.
2522 337 2655 395 Quam

254 427 300 467 in
328 421 397 464 his
427 417 537 461 locis
566 418 713 460 inesse
740 425 817 471 pro
850 418 964 458 certo
994 413 1191 458 dixerim:
1223 407 1324 456 ἄλλ’
1354 412 1452 458 οἵδε
1483 412 1635 471 δόμων
1661 410 1771 470 ὑπὲρ
1801 406 2054 470 ἀκροτάτων
2083 409 2267 469 φαίνεσί
2300 428 2417 466 τινες
2446 412 2656 469 δαίμονες

250 496 387 546 Elect.
420 493 549 541 1234.
591 489 667 536 ubi
684 502 737 537 -Υ,
753 486 956 537 iSeidlet.
1015 486 1112 546 ‚Ab’
1135 481 1260 536 vla&
1289 483 1475 544 ὅθ’ένεχ’
1516 487 1681 545 οἱμὲν
1721 482 1906 543 εὐγενεῖς
1932 487 2106 543 βροτῶν
2144 482 2327 545 πένητες
2355 485 2482 541 ὄντες
2511 484 2645 532 οῦδὲν

251 560 496 625 &malvae
527 559 592 608 ἔτι
627 563 800 611 Danaes
842 563 992 621 fragm.
1024 554 1095 620 apss
1123 563 1240 618 Stob.
1271 564 1381 608 Flor.
1411 568 1465 609 91
1479 597 1492 622 ,
1522 569 1593 610 23.
1625 565 1738 621 quod
1766 562 1875 606 Flor.
1907 564 1980 616 92,
2011 564 2052 606 6.
2083 566 2304 618 repetitum
2332 571 2413 622 est,
2441 564 2519 611 ubi
2544 565 2643 614 Pat-

252 644 289 690 A
315 642 446 688 habet
475 631 756 696 ἇναφαίν8σ’.
813 635 919 682 Nam
948 649 1057 699 quae
1086 637 1156 682 his
1185 642 1402 696 opposita,
1432 651 1528 683 mox
1556 646 1814 696 sequuntur:
1857 631 1907 678 οἶ
1932 629 1984 678 δ’
2013 629 2144 679 οῦδὲν
2171 630 2288 695 ἦσαν
2313 635 2542 696 πρόσθεν,
2572 633 2652 682 ὄλ-

251 722 346 774 βιοι
376 715 428 761 δὲ
456 716 556 770 νῦν,
589 709 728 766 δόξαν
736 706 954 776 7φέροντες
979 711 1038 757 τέ·
1063 709 1335 768 νομίσματος
1360 711 1489 771 χάριν
1515 715 1636 773 baec,
1667 718 1776 772 satis
1797 714 2099 768 demonstrant,
2128 720 2295 770 poetam
2324 726 2454 771 supra
2480 725 2568 759 non
2596 714 2651 760 de

255 794 424 848 magnis
454 788 736 851 facinoribuS,
766 787 921 844 quibus
949 787 1142 833 homines
1173 793 1365 851 egestate
1396 793 1668 835 circumventi
1709 794 1891 845 impares
1935 791 2024 831 sint
2052 791 2272 844 patrandis
2285 823 2299 844 ‚
2337 792 2417 834 sed
2456 791 2509 834 de
2538 801 2655 834 vana

253 868 516 923 paupertatis
557 869 599 907 et
630 861 867 919 opulentiae
898 865 1206 908 existimatione
1235 862 1365 918 loqui.
1426 863 1591 907 Sensus
1629 868 1757 921 igitur
1786 875 1871 907 non
1901 869 1992 907 est:
2024 863 2284 907 facinora
2325 876 2433 907 non
2464 865 2654 920 edunt,

256 942 338 986 sed
364 938 667 986 manifesto
698 936 841 982 nihil
871 942 1015 983 sunt.
1060 935 1294 982 Succurrit
1328 937 1592 995 HesychiuS‚
1634 941 1706 994 qui
1735 932 1959 995 ἀναφῆναι
1989 932 2270 994 ἀναφανῆναι
2307 942 2492 995 notavit,
2531 942 2656 994 cujus

255 1018 504 1061 auctoritate
544 1015 615 1059 usi
644 1010 1054 1068 schweighauserus
1095 1016 1139 1055 et
1166 1011 1346 1056 Babrius
1375 1013 1568 1056 Herodot.
1603 1017 1625 1056 1
1642 1045 1655 1069 ,
1690 1016 1787 1057 165.
1818 1015 2104 1067 scripserunt:
2144 1009 2205 1069 μὴ
2235 1011 2340 1069 πρίν
2369 1008 2417 1064 ἐς
2450 1013 2656 1071 Φωκαίην

257 1086 432 1140 ἐλθεῖν,
473 1086 575 1146 πρὶν
603 1081 637 1146 ἢ
661 1082 742 1131 τὸν
768 1081 938 1143 μύδρον
973 1085 1109 1130 τὲτον
1137 1088 1206 1141 (in
1233 1087 1484 1145 profundum
1512 1090 1642 1131 maris
1672 1089 1922 1138 demissum)
1953 1081 2190 1144 ἀναφῆναι.
2259 1086 2366 1132 ΝοΙο
2409 1099 2654 1145 comparare

256 1166 385 1223 Soph.
415 1165 509 1211 Ant.
544 1165 670 1210 1078.
710 1162 846 1220 φανεῖ
870 1157 978 1218 γὰρ,
1008 1155 1063 1204 οὗ
1089 1162 1237 1220 μακρὲ
1263 1158 1401 1221 κρόνε
1427 1160 1577 1222 τριβὴ,
1606 1157 1779 1220 ἀνδρῶν
1816 1163 2026 1216 γυναικῶν
2067 1165 2164 1212 σοῖς
2206 1159 2369 1216 δόμοις
2407 1161 2659 1218 κωκύματα,

257 1253 434 1297 quorum
462 1238 684 1285 verborum
715 1236 988 1283 conformatio
1017 1241 1176 1283 mutata
1205 1239 1537 1295 interpunctione
1566 1243 1773 1292 mutatur,
1817 1249 1953 1294 neque
1982 1237 2133 1281 Aescb.
2176 1237 2320 1294 Agam.
2368 1241 2467 1284 101.
2519 1233 2654 1284 ἐκθυ-

257 1308 365 1360 ἁιῶν
393 1309 590 1371 ἇγανανά
629 1307 953 1371 φαίνεσ’ἐλπίς,
989 1310 1064 1355 ubi
1100 1312 1333 1357 Ahrensius
1375 1316 1612 1358 rectissime
1657 1314 1896 1356 emendavit
1936 1307 1992 1362 ἃς
2027 1308 2312 1370 ἀναφαίνεις,
2345 1327 2485 1370 neque
2523 1315 2653 1372 Soph.

256 1377 392 1437 Elect.
428 1392 557 1436 1359.
597 1391 691 1440 πῶς
720 1383 835 1432 οὕτω
863 1386 1003 1431 πάλαι
1032 1385 1167 1439 ξυνών
1193 1382 1249 1441 μ’
1280 1383 1437 1445 ἔληθες
1465 1383 1568 1430 οὔδ’
1598 1383 1806 1444 ἔφαινες,
1835 1389 1910 1432 ubi
1938 1392 2076 1444 ipsius
2106 1392 2344 1434 sententiae
2374 1393 2481 1435 ratio
2521 1389 2655 1437 Scho-

257 1465 429 1512 liastam
457 1472 572 1510 recte
602 1464 867 1509 intellexisse
897 1459 1086 1505 σεαυτὸν
1115 1464 1250 1508 docet.
1312 1461 1431 1518 Quod
1459 1467 1499 1508 si
1530 1463 1722 1520 exempla
1752 1476 1880 1520 supra
1911 1463 2068 1508 collata
2091 1465 2345 1519 ostendunt,
2374 1464 2506 1511 verbo
2539 1463 2651 1522 φαί-

258 1554 349 1584 νειν
378 1552 465 1585 non
495 1539 685 1584 defuisse
722 1540 1030 1582 intransitivam
1072 1535 1424 1594 significationem
1468 1549 1645 1594 eamque
1697 1550 1792 1582 cum
1829 1541 2007 1582 maxime
2045 1537 2101 1582 ab
2142 1541 2236 1595 ipso
2273 1539 2472 1596 Euripide
2511 1545 2649 1598 argui,

261 1614 518 1673 superfluum
559 1619 628 1659 est
684 1613 840 1660 addere
889 1623 1071 1662 causas,
1115 1617 1284 1670 propter
1319 1624 1428 1668 quas
1467 1613 1701 1670 perfectum
1744 1607 1985 1668 ἐιστέφηνεν
2013 1615 2042 1655 i.
2075 1624 2114 1656 e.
2158 1617 2357 1658 statim
2393 1623 2661 1673 apparent

263 1702 389 1746 quam
420 1692 629 1744 aoristuS,
661 1699 784 1743 quem
815 1688 1135 1732 consuetudinis
1172 1687 1243 1732 vel
1285 1691 1522 1745 gnomicmn
1553 1689 1712 1745 dicunt,
1753 1687 1851 1732 huic
1889 1687 1984 1731 loco
2021 1691 2163 1732 minus
2193 1691 2251 1733 sit
2288 1695 2443 1746 aptum.
2513 1689 2659 1747 Neque

260 1767 484 1822 quisquam
514 1765 659 1820 opinor
686 1760 933 1819 provocabit
961 1762 1018 1806 ad
1045 1760 1152 1805 Plat.
1182 1761 1351 1818 Protag.
1391 1775 1432 1818 p.
1473 1764 1575 1807 328.
1616 1763 1666 1806 B.
1721 1758 1902 1804 ἐπειδὰν
1940 1758 2024 1816 γάρ
2063 1748 2132 1810 ’τις
2158 1756 2362 1817 παρ’ἐμῦ
2387 1761 2537 1821 μάθῃ,
2579 1759 2659 1808 ἐὰν

257 1837 341 1894 μὲν
366 1834 580 1895 βάληται,
609 1831 998 1880 ἆποδεδωκεν
1026 1828 1056 1880 ὃ
1083 1834 1166 1893 ἐγὼ
1192 1834 1444 1895 πράττομαι
1472 1830 1700 1896 ἆργύριον·
1730 1831 1810 1880 ἐὰν
1838 1833 1890 1878 δὲ
1917 1831 2004 1893 μὴ,
2042 1830 2190 1880 ἐλθὼν
2227 1834 2292 1888 εἷς
2330 1833 2450 1896 ἱερὸν
2487 1830 2662 1893 ὀμόσας

259 1906 347 1958 ὅσα
377 1906 433 1955 ἄν
451 1913 518 1972 φῇ
545 1907 650 1965 ἄξια
679 1905 790 1955 εἶναι
816 1909 875 1954 τὰ
902 1908 1176 1970 μαθήματα,
1203 1911 1395 1957 ,τοσῦτον
1421 1907 1689 1970 κατέθηκεν,
1718 1911 1790 1957 vel
1818 1911 1930 1957 Med.
1961 1913 2063 1958 293.
2106 1906 2159 1955 οὗ
2189 1913 2265 1955 νῦν
2291 1927 2349 1968 με
2375 1914 2551 1972 πρῶτον
2579 1908 2661 1957 ἆλ-

261 1976 320 2029 λὰ
347 1983 582 2037 πολλάκις,
611 1980 770 2044 Κρέον,
802 1978 976 2045 ἔβλαψε
995 1982 1109 2039 δόξα
1137 1985 1306 2042 μεγάλα
1334 1981 1379 2029 τ’
1409 1986 1634 2044 εἴργασται
1654 1985 1794 2038 κακά,
1824 1998 1998 2044 quorum
2026 1987 2213 2034 locorum
2241 1992 2347 2034 ratio
2377 1995 2446 2035 est
2475 1989 2660 2035 diversa.

376 2132 485 2179 xm.
516 2133 565 2178 In
593 2133 828 2189 fragmento
866 2131 983 2178 chori
1013 2143 1066 2177 ex
1093 2131 1354 2178 Alexandro-
1387 2134 1498 2189 quod
1528 2139 1596 2178 est
1625 2134 1739 2191 apud
1767 2133 1885 2178 Stob.
1917 2134 2056 2180 Floril.
2089 2138 2171 2192 86,
2203 2139 2244 2179 2.
2275 2138 2452 2191 primum
2487 2135 2657 2192 dicitur,

259 2214 429 2254 inanem
459 2220 558 2253 esse
589 2205 746 2251 nobilis
777 2208 948 2263 generis
979 2205 1169 2265 laudem3
1200 2212 1287 2252 tum
1316 2209 1525 2264 pergitur:

1153 2340 1158 2345 .
1231 2298 1285 2345 τὸ
1315 2300 1399 2360 γὰρ
1427 2299 1567 2344 πάλαι

931 2372 1019 2416 ’καὶ
1045 2377 1243 2434 πρῶτον,
1273 2370 1350 2420 ὅτ’
1380 2372 1650 2432 ἐγενόμεθα,
1683 2374 1760 2419 διὰ
1790 2371 1842 2419 δ’
1873 2373 2036 2434 ἔκρινεν

951 2447 982 2492 ἆ
1010 2451 1176 2495 reneca
1204 2453 1263 2507 γᾶ
1288 2448 1480 2510 βροτός,
1510 2445 1670 2505 ὁμοίαν

947 2521 1071 2578 χθών
1098 2519 1265 2569 ἅπασιν
1294 2522 1601 2579 ἒξεπαίδευσεν

948 2592 1083 2659 ὄψιν,
1111 2597 1229 2643 ἴδιον
1258 2595 1389 2644 οῦδὲν
1416 2596 1582 2655 ἔχομεν.
1642 2599 1712 2654 (Ν.
1745 2603 1841 2654 60.)

376 2696 537 2742 Versus
568 2697 640 2752 qui
669 2695 821 2741 deinde
852 2702 1088 2753 sequuntur
1115 2697 1270 2745 docent
1299 2697 1396 2757 lege
1427 2698 1611 2744 discerni
1641 2696 1903 2742 nobilitatem
1946 2701 1992 2740 et
2028 2694 2360 2753 ignobilitatem,
2397 2695 2666 2752 prudentiam

258 2785 360 2819 esse
397 2783 541 2818 veram
579 2768 841 2816 nobilitatem
879 2770 949 2817 dei
990 2783 1078 2818 non
1120 2774 1358 2820 divitiarum
1398 2784 1565 2819 munus.
1634 2772 1698 2817 Ab
1736 2773 1805 2816 his
1843 2772 2113 2815 manifestum
2153 2776 2221 2814 est
2251 2771 2496 2815 discordare
2525 2768 2663 2813 verba

260 2860 369 2906 quae
398 2849 640 2906 praeposita
669 2850 771 2890 sunt
800 2857 957 2902 graeca
970 2879 982 2903 ,
1012 2853 1060 2891 ut
1089 2860 1198 2904 quae
1229 2850 1383 2895 almam
1418 2856 1592 2894 matrem
1622 2847 1786 2903 fingant
1825 2849 2052 2891 discrimen
2093 2847 2254 2891 fecisse
2293 2848 2405 2890 inter
2446 2843 2658 2901 honines,

261 2935 369 2980 quos
400 2922 548 2968 eadem
578 2921 690 2965 facie
721 2923 945 2966 ornaverit.
1006 2922 1168 2968 Deinde
1192 2925 1415 2970 verborum
1445 2923 1521 2967 διὰ
1554 2916 1977 2979 δ’ἔκρινεν·βροτὲς
2006 2934 2059 2966 ea
2086 2922 2155 2965 vis
2179 2924 2222 2965 et
2239 2922 2347 2965 ratio
2379 2924 2470 2977 est,
2502 2924 2552 2966 ut
2578 2930 2668 2965 non

257 3002 304 3044 in
332 2999 521 3055 protasi,
561 2997 642 3042 sed
677 2998 723 3041 in
765 2996 942 3053 apodosi
980 2998 1205 3044 videantur
1245 2999 1495 3045 collocanda
1536 3009 1652 3044 esse.
1724 2996 1789 3042 Δὲ
1829 3005 1971 3042 autem
2011 3002 2110 3054 post
2138 2992 2224 3053 γὰρ
2266 2995 2366 3041 ferri
2397 3006 2485 3046 non
2512 2999 2670 3054 potest-

255 3073 408 3118 Scribo
438 3074 592 3129 igitur:
1247 3100 1252 3104 -
1333 3099 1339 3105 ·

272 3165 309 3183 ·.
455 3177 460 3181 -
1232 3145 1584 3204 τὸγὰρπάλακ
1656 3171 1661 3175 ·
1725 3167 1771 3176 ι·

880 3261 882 3263 ,
952 3219 1025 3266 καὶ
1053 3223 1228 3282 πρῶτον
1256 3217 1317 3273 ὥς
1346 3216 1605 3279 ἐγενόμεθ’,
1636 3216 1715 3265 οῧκ
1746 3217 1911 3281 ἔκρινεν
2370 3283 2397 3312 .
