3009 3830
1517 187 1583 235 lo

1031 314 1064 357 ἆ
1091 318 1258 359 venena
1287 319 1344 372 γᾶ
1373 313 1551 373 βροτός.
1605 314 1804 370 ‘opocen

1027 389 1153 445 χθὼν
1182 397 1263 436 etc.

454 460 519 510 0⁶¹
519 459 570 508 τ’
600 469 722 512 metri
753 477 887 513 causa
910 469 1071 512 mutavi
1100 469 1147 511 in
1176 462 1248 518 ὥς.
1311 466 1505 512 Ceterum
1534 478 1620 512 non
1650 466 1877 513 tacendum
1906 470 1997 524 est,
2024 469 2114 523 jam
2137 466 2334 556 Botbium
2349 466 2454 513 Eur.
2476 468 2592 515 sabb.
2612 472 2753 532 fragg.

330 557 373 605 p.
404 546 478 592 23.
509 543 651 590 labem
681 541 810 598 hujus
841 542 1068 599 fragmenti
1099 543 1470 586 animadvertisse.

448 674 553 720 xiv.
589 673 722 718 Cram.
755 672 913 717 Anecd.
947 671 1016 716 Gr.
1049 669 1122 716 01.
1155 671 1239 716 vol.
1271 675 1313 716 3.
1344 684 1386 728 p.
1424 673 1536 728 194,
1570 674 1608 716 1.
1639 669 1785 728 Δηλοῒ
1812 669 1885 713 καὶ
1913 667 1968 714 τό
2000 664 2111 726 αἷμα
2138 670 2354 725 πολλάκις
2383 672 2458 717 καί
2485 670 2569 719 τὸν
2609 673 2754 734 φόνον

330 743 479 793 αῧτόν.
543 748 730 792 Τοιᾱτον
760 742 813 790 δέ
842 762 886 789 τι
918 745 1043 789 δοκεῖ
1068 742 1122 788 τὸ
1149 739 1266 802 παρ’
1295 740 1517 808 Εὗριπίδῃ
1549 741 1598 789 ἐν
1625 748 1691 803 τῷ
1732 744 1810 788 διὰ
1851 745 2063 804 Ψωφῖδος
2092 745 2371 802 Αλκμαίωνι·
2399 743 2527 804 Αἷμα
2555 748 2640 809 γὰρ
2669 749 2754 796 σὸν

327 823 472 884 μήτηρ
503 819 770 881 ἀπενίψατο.
833 818 1041 865 Τέντεστι·
1072 819 1291 878 καθάρσει
1321 820 1405 864 τινὶ
1432 819 1514 864 τὸν
1540 823 1622 879 τῆς
1650 822 1970 879 μητροκτονίας
2010 817 2266 883 ἀπενίψατο
2305 821 2549 880 μολυσμόν.
2606 827 2757 886 Δηλοῒ

329 902 410 956 μὲν
441 895 521 943 οὖν
548 897 603 943 τὸ
633 895 744 953 αἷμα
773 895 853 941 τὸν
883 895 1039 953 φόνον.
1103 895 1220 949 (Nro.
1257 901 1351 950 72.)
1390 897 1529 942 Verba
1559 896 1774 953 Euripidis
1812 911 1839 942 a
1869 897 1951 944 VV.
1996 897 2080 943 DI).
2121 904 2222 944 sunt
2252 901 2313 944 ita
2345 901 2594 947 emendata:
2638 898 2751 958 αἷμα

329 974 415 1034 γὰρ
432 973 489 1018 τὸ
510 971 700 1031 μητέρος
719 969 972 1031 ἀπενίψατο
995 973 1065 1016 vel
1087 966 1198 1025 αἷμα
1219 969 1303 1028 γὰρ
1328 974 1408 1029 σῆς
1436 968 1606 1028 μητρὸς
1625 967 1891 1030 ἄστενίψατο.
1953 970 2066 1027 Quae
2092 975 2361 1029 conjecturae
2393 979 2588 1031 quamvis
2618 976 2751 1022 habe·

330 1055 425 1105 ant,
465 1062 548 1105 quo
591 1053 699 1093 satis
738 1048 982 1105 probandae
1024 1049 1250 1092 videantur
1282 1059 1401 1103 esse,
1439 1052 1582 1090 tamen
1626 1059 1716 1092 non
1753 1060 1904 1092 vereor
1943 1058 1997 1091 ne
2037 1053 2176 1093 actum
2207 1061 2332 1106 agam
2362 1048 2473 1095 hauc
2502 1062 2746 1108 proponens

329 1126 688 1170 emendationem:
723 1118 833 1178 αἷμα
863 1121 946 1181 γὰρ
979 1120 1060 1166 σὸν
1088 1119 1256 1181 μητρὸς
1286 1154 1414 1165 ......
1445 1116 1709 1180 ἀπενίψατο.
1772 1123 1833 1168 Cf.
1864 1125 1905 1168 si
1935 1126 2041 1169 tanti
2071 1129 2156 1182 est,
2186 1123 2290 1182 Jntt,
2321 1125 2377 1169 ad
2407 1124 2566 1171 Phoen.
2598 1129 2672 1172 30.

444 1247 531 1293 XV.
563 1247 744 1304 Versus,
778 1251 849 1304 qui
880 1253 981 1291 sunt
1011 1246 1124 1304 apud
1154 1245 1273 1291 Stob.
1305 1245 1394 1291 Ecl.
1418 1244 1539 1303 phys,
1576 1249 1623 1302 1,
1657 1249 1707 1302 6,
1740 1250 1797 1291 22
1822 1260 1863 1304 p.
1892 1249 1990 1293 166.
2013 1247 2132 1295 Heer.
2158 1246 2221 1292 Τὸ
2243 1246 2480 1304 δαιμόνιον
2509 1245 2588 1304 οὔχ
2618 1247 2748 1309 δρᾷς,

329 1317 421 1384 ὅπῃ
450 1325 588 1381 μοῖρα
620 1327 707 1377 (sie
739 1323 866 1368 codd.
898 1322 957 1378 V,
988 1323 1046 1376 A,
1076 1322 1149 1375 Ε.)
1180 1317 1459 1380 διεξέρχεται,
1490 1321 1664 1379 στρίφει
1687 1322 1728 1364 δ’
1761 1319 1905 1373 ἄλλως
1934 1320 2070 1375 ἄλλος
2098 1322 2162 1375 εἲς
2184 1319 2366 1382 ἁμέραν,
2399 1324 2468 1379 (Ν.
2494 1328 2618 1380 124.)
2649 1340 2747 1384 gra.

329 1400 428 1442 vius
448 1398 593 1442 affecti
628 1398 730 1442 mihi
765 1400 961 1442 videntur
994 1409 1110 1453 esse,
1143 1409 1269 1453 qnam
1289 1405 1332 1440 ut
1354 1398 1609 1454 persuadere
1629 1397 1730 1441 mihi
1749 1402 1925 1455 possim,
1957 1398 2064 1443 nihil
2082 1399 2303 1444 verborum
2323 1398 2640 1456 Euripideorum
2673 1415 2745 1455 ex,-

330 1474 505 1537 cidisse.
569 1472 663 1518 Non
694 1473 864 1531 placere
899 1478 1040 1530 potest
1071 1468 1162 1534 ὅπῃ
1188 1475 1324 1531 μοῖρα
1356 1467 1649 1529 διεξέρχεται,
1682 1477 1720 1517 si
1741 1486 1825 1518 non
1857 1475 2077 1530 adjicitur,
2110 1475 2232 1530 cujus
2258 1486 2353 1520 sors
2376 1478 2434 1520 sit
2449 1476 2744 1535 intelligenda,

329 1549 562 1604 eademque
594 1553 809 1592 sententia
840 1555 924 1592 tam
956 1549 1041 1592 late
1082 1556 1219 1604 patet,
1253 1556 1299 1592 ut
1330 1561 1421 1592 eam
1445 1550 1733 1593 circumscribi
1751 1549 2001 1594 certioribus
2035 1549 2180 1594 verbis
2201 1555 2492 1597 necessarium
2521 1556 2591 1610 sit,
2621 1566 2747 1611 prae-

324 1627 473 1668 sertim
506 1636 601 1668 cum
634 1636 685 1668 ea
711 1636 819 1679 quae
852 1631 1100 1679 sequuntur,
1131 1624 1313 1679 modum,
1347 1635 1426 1678 quo
1459 1635 1554 1667 sors
1584 1622 1838 1680 perficiatur,
1870 1635 1956 1668 non
1987 1617 2075 1681 ὅπη
2103 1626 2239 1678 μοῖρα
2269 1623 2550 1682 διεξερχεται,
2580 1629 2745 1684 patefa-

326 1703 454 1745 ciant.
518 1699 681 1744 Licebit
711 1702 840 1756 igitur
871 1698 1010 1743 locum
1039 1711 1128 1743 non
1160 1698 1299 1744 solum
1347 1699 1592 1755 emendare,
1638 1698 1716 1742 sed
1756 1700 1883 1743 etiam
1927 1705 2129 1756 quantum
2174 1699 2264 1746 fieri
2305 1707 2446 1759 potest
2485 1715 2536 1749 ex
2577 1706 2743 1749 ratione

324 1779 457 1820 totius
500 1777 740 1819 sententiae
783 1775 1007 1830 complere.
1054 1775 1246 1819 Ceterum
1284 1786 1533 1831 praemoneo
1578 1776 1862 1829 conjecturam
1902 1768 1990 1833 ὅπη
2027 1774 2189 1833 μοίρας
2241 1789 2266 1821 a
2307 1777 2446 1822 Grotio
2485 1781 2744 1836 propositam

324 1849 497 1907 probari
539 1860 626 1894 non
665 1861 822 1908 posse,
863 1852 962 1906 quia
1004 1844 1093 1907 ὅπη
1136 1862 1231 1894 cum
1270 1853 1399 1907 genit.
1441 1851 1665 1904 conjuncto
1697 1849 1914 1893 meliorum
1947 1849 2073 1895 Codd.
2106 1855 2336 1895 auctoritas
2367 1852 2531 1897 Heracl.
2566 1855 2635 1898 19.
2669 1856 2741 1898 46.

324 1925 479 1970 Aesch.
511 1925 648 1970 Prom.
693 1928 765 1970 63.
809 1924 865 1969 al.
899 1926 1171 1983 adversatu13
1204 1925 1258 1969 cf.
1290 1924 1453 1968 Ellend.
1485 1925 1583 1968 Lex.
1616 1923 1745 1980 Soph.
1776 1937 1816 1968 v.
1849 1917 1938 1983 ὅπη
1970 1932 2013 1969 et
2040 1930 2116 1985 πῇ.
2178 1928 2241 1972 lta
2271 1940 2371 1972 vero
2403 1932 2442 1972 si
2473 1940 2559 1972 non
2589 1927 2742 1972 verbo·

325 2011 441 2057 rum,
474 2006 618 2046 tamen
651 2005 891 2046 sententiae
925 2004 1149 2058 integritas
1179 2001 1345 2043 restitui
1374 2011 1503 2056 posse
1533 1998 1634 2043 mihi
1663 2001 1852 2044 videtur:

1017 2093 1072 2139 τὸ
1103 2091 1336 2150 δαιμόνιον
1364 2089 1440 2147 οὔχ
1471 2090 1580 2152 ὁρᾷς
1607 2095 1703 2145 τοῖς
1729 2095 1912 2152 βροτοῖς

1024 2171 1201 2228 κραῒνον
1231 2163 1323 2222 ὅπᾳ
1351 2171 1510 2227 μοῖραν
1540 2165 1832 2227 διεξέρχεται,

1026 2243 1209 2304 στρέφει
1241 2244 1281 2287 δ’
1313 2240 1472 2288 ἄλλοσ’
1501 2242 1640 2297 ἄλλος
1670 2242 1734 2296 εἷς
1764 2240 1943 2304 α’μέραν.

447 2319 510 2366 Τὸ
555 2318 789 2376 δαιμόνιον
828 2316 1097 2380 διεξέρχεται
1140 2321 1316 2379 κραῒνον
1356 2322 1517 2379 μοῖραν
1558 2321 1741 2367 defendo
1784 2320 1880 2366 coll.
1933 2319 2081 2365 Helen.
2128 2323 2243 2366 1318
2285 2321 2359 2365 Pfl.
2399 2317 2541 2362 ἄλλαν
2581 2321 2746 2378 μοῖραν

325 2395 496 2458 ἔκραινε
527 2411 589 2444 sc.
623 2395 763 2449 Ζεύς,
794 2403 841 2443 ut
871 2397 1085 2456 supplevit
1114 2396 1366 2443 DindorfiuS.

444 2522 550 2568 XVI.
584 2522 714 2567 Recte
746 2535 772 2566 a
802 2524 1020 2580 Wagnero
1053 2524 1323 2569 observatum
1355 2534 1452 2567 esse
1473 2522 1653 2567 arbitror
1671 2521 1991 2580 Aristophanem
2016 2519 2268 2578 Thesmopb.
2302 2521 2430 2566 11'10.
2470 2514 2507 2563 ὦ
2537 2517 2743 2578 notes-eff,

323 2595 524 2655 οἰκτείρω
567 2595 617 2639 σὲ
649 2593 915 2654 κεκραμένην
955 2595 1064 2640 ἰδὼν
1107 2597 1176 2652 (Ν.
1212 2601 1335 2650 129.)
1378 2601 1652 2655 posteriorem
1682 2610 1835 2641 versus
1866 2602 1939 2653 qui
1968 2603 2036 2641 est
2064 2609 2117 2640 ex
2145 2595 2408 2640 Andromeda
2435 2601 2598 2652 partem
2620 2597 2745 2653 paul·

326 2673 462 2719 lulum
492 2677 537 2717 in
567 2673 791 2717 ridiculum
823 2674 1072 2717 detorsisse.
1136 2672 1247 2717 Illud
1279 2668 1543 2730 κεκραμένην
1573 2677 1685 2717 enim
1716 2672 1805 2716 noli
1847 2684 2090 2730 comparare
2129 2683 2225 2716 cum
2254 2671 2417 2729 Hippol.
2453 2674 2580 2717 1252.
2633 2665 2743 2715 οὐδ’

328 2746 370 2791 εἲ
399 2750 612 2804 γυναικῶν
639 2749 730 2790 πᾶν
760 2747 1030 2806 κρεμασθείη
1061 2744 1209 2804 γένος,
1240 2748 1314 2792 ubi
1356 2750 1660 2806 κρεμασθῆναι
1697 2755 1744 2792 ut
1774 2747 1883 2792 alias
1914 2748 2193 2804 suspendium
2224 2745 2465 2803 significat,
2507 2746 2578 2792 vel
2614 2747 2742 2792 Arist.

328 2821 578 2881 Thesmoph.
616 2827 744 2869 1052.
789 2819 842 2866 οὗ
871 2823 955 2883 γὰρ
987 2819 1058 2866 ἔτ’
1089 2818 1321 2865 ἀθάνατον
1351 2821 1499 2880 φλόγα
1528 2822 1729 2866 λεύσσειν
1758 2819 1878 2865 ἐστὶν
1907 2818 2006 2876 ἐμοὶ
2036 2821 2190 2879 φίλον,
2220 2819 2280 2873 ὥς
2321 2817 2616 2879 ἐκρεμάσθην,
2644 2820 2746 2864 λαι-

326 2895 526 2955 μότμητ’
557 2897 640 2954 o'c'xq
688 2896 912 2952 δαιμόνων
951 2907 1032 2945 etc.
1065 2900 1139 2944 ubi
1170 2900 1356 2942 fortasse
1386 2896 1445 2948 ὥς
1474 2895 1758 2956 ἐκρεμάσθην
1786 2911 1872 2942 non
1902 2902 2043 2942 minus
2082 2897 2269 2942 alineum
2311 2896 2382 2942 vel
2425 2911 2479 2942 ex
2520 2897 2605 2941 alio
2658 2897 2745 2943 An·

329 2975 554 3019 dromedae
603 2975 697 3018 loco
744 2982 928 3019 sumtum
978 2981 1065 3031 est,
1121 2987 1248 3030 quam
1300 2986 1408 3030 quae
1453 2981 1688 3031 sequuntur
1725 2967 1999 3029 λαιμότμητ’
2041 2968 2126 3028 ἄχη
2170 2969 2419 3027 δαιμόνων,
2471 2985 2580 3028 quae
2609 2971 2746 3017 verba

330 3050 578 3096 describunt
610 3051 869 3109 Gorgonem,
915 3053 1038 3107 cujus
1078 3057 1205 3108 caput
1247 3053 1434 3107 gestavit
1476 3051 1675 3094 Perseus.
1750 3051 1826 3094 Hic
1864 3049 2033 3104 quidem
2063 3050 2212 3091 nescio
2244 3061 2299 3092 an
2332 3048 2655 3104 supponendum
2685 3048 2745 3090 sit

327 3119 379 3167 o'
409 3121 696 3184 ἐσφιγμένην,
728 3126 825 3171 coll.
853 3127 1007 3172 Aesch.
1038 3127 1174 3171 Prom.
1209 3128 1279 3170 58.
1336 3122 1509 3182 ἄρασσε
1549 3123 1746 3179 μᾶλλον,
1778 3125 1933 3182 σφίγγε
1964 3137 2026 3168 sc.
2058 3123 2352 3168 Prometheum
2390 3126 2462 3178 qui
2492 3125 2641 3167 aeneis
2673 3134 2746 3167 ca·

327 3204 442 3245 tenis
473 3212 580 3247 saxo
609 3201 821 3258 alligatur.
883 3203 1070 3247 Perseus
1102 3206 1337 3258 conspecta
1378 3199 1641 3246 Andromeda
1681 3214 1735 3258 ap
1780 3198 1897 3246 ovid.
1936 3199 2037 3246 Met.
2082 3203 2133 3256 4,
2179 3201 2290 3244 677:
2329 3195 2385 3255 0,
2425 3198 2592 3255 dixit,
2632 3204 2747 3242 non
